<?xml version="1.0" encoding="UTF-8"?>
<marcxml:collection xmlns:marcxml="http://www.loc.gov/MARC21/slim"><record xmlns="http://www.loc.gov/MARC21/slim" xmlns:xsi="http://www.w3.org/2001/XMLSchema-instance">
   <leader>01624cam a2200325   4500</leader>
   <controlfield tag="001">6294</controlfield>
   <controlfield tag="005">20120724085835.0</controlfield>
   <controlfield tag="008">800408q18011803fr ae         00010 fre  </controlfield>
   <datafield ind1=" " ind2=" " tag="010">
      <subfield code="a">12023599</subfield>
   </datafield>
   <datafield ind1=" " ind2=" " tag="035">
      <subfield code="a">(OCoLC)78855233</subfield>
   </datafield>
   <datafield ind1=" " ind2=" " tag="035">
      <subfield code="a">(CStRLIN)NJPG15058026-B</subfield>
   </datafield>
   <datafield ind1=" " ind2=" " tag="035">
      <subfield code="9">AAG0567TS</subfield>
   </datafield>
   <datafield ind1=" " ind2=" " tag="040">
      <subfield code="c">NjP</subfield>
   </datafield>
   <datafield ind1="0" ind2=" " tag="041">
      <subfield code="a">freengger</subfield>
   </datafield>
   <datafield ind1=" " ind2=" " tag="043">
      <subfield code="a">e-fr---</subfield>
   </datafield>
   <datafield ind1="0" ind2=" " tag="050">
      <subfield code="a">NA7348.P2</subfield>
      <subfield code="b">K8</subfield>
   </datafield>
   <datafield ind1="1" ind2=" " tag="100">
      <subfield code="a">Krafft, J. Ch.</subfield>
      <subfield code="q">(Jean-Charles),</subfield>
      <subfield code="d">1764-1833.</subfield>
   </datafield>
   <datafield ind1="1" ind2="0" tag="245">
      <subfield code="a">Plans, coupes, elevations des plus belles maisons et des hotels construits à Paris et dans les environs.</subfield>
      <subfield code="c">Pub. par J.-Ch. Krafft, architecte, et N. Ransonnette, graveur ... Grundrisse, durchschnitte und aufrisse der schoensten in Paris und der umliegenden gegend befindlichen haeuser und pallaeste ... Plans, forms, elevations of the most remarkable houses and hotels erected in Paris and its environs ...</subfield>
   </datafield>
   <datafield ind1=" " ind2=" " tag="260">
      <subfield code="a">Paris,</subfield>
      <subfield code="b">The editors,</subfield>
      <subfield code="c">[1801-1803?]</subfield>
   </datafield>
   <datafield ind1=" " ind2=" " tag="300">
      <subfield code="a">46 p.</subfield>
      <subfield code="b">front., 120 pl. (incl. plans)</subfield>
      <subfield code="c">55 cm.</subfield>
   </datafield>
   <datafield ind1=" " ind2=" " tag="500">
      <subfield code="a">French, German, and English in parallel columns.</subfield>
   </datafield>
   <datafield ind1=" " ind2=" " tag="500">
      <subfield code="a">Issued in 20 parts.</subfield>
   </datafield>
   <datafield ind1=" " ind2="0" tag="650">
      <subfield code="a">Architecture, Domestic</subfield>
      <subfield code="z">France</subfield>
      <subfield code="z">Paris.</subfield>
   </datafield>
   <datafield ind1="1" ind2=" " tag="700">
      <subfield code="a">Ransonnette, Pierre Nicolas,</subfield>
      <subfield code="d">1745-1810.</subfield>
   </datafield>
   <datafield ind1="0" ind2=" " tag="740">
      <subfield code="a">Grundrisse, durchschnitte und aufrisse der schoensten in Paris und der umliegenden gegend befindlichen haeuser und pallaeste.</subfield>
   </datafield>
   <datafield ind1="0" ind2=" " tag="740">
      <subfield code="a">Plans, forms, elevations of the most remarkable houses and hotels erected in Paris and its environs.</subfield>
   </datafield>
   <datafield ind1="4" ind2="1" tag="856">
      <subfield code="u">http://arks.princeton.edu/ark:/88435/cr56n106c</subfield>
   </datafield>
</record>