<record xmlns="http://www.loc.gov/MARC21/slim" xmlns:xsi="http://www.w3.org/2001/XMLSchema-instance">
   <leader>00792cam a2200217 a 4500</leader>
   <controlfield tag="001">219915</controlfield>
   <controlfield tag="005">20120713073121.0</controlfield>
   <controlfield tag="008">840517q19001984ja a          00010 jpn d</controlfield>
   <datafield ind1=" " ind2=" " tag="035">
      <subfield code="a">(OCoLC)78256748</subfield>
   </datafield>
   <datafield ind1=" " ind2=" " tag="035">
      <subfield code="a">(CStRLIN)NJPG84-B27224</subfield>
   </datafield>
   <datafield ind1=" " ind2=" " tag="035">
      <subfield code="9">ABD4921TS</subfield>
   </datafield>
   <datafield ind1=" " ind2=" " tag="040">
      <subfield code="a">NjP</subfield>
      <subfield code="c">NjP</subfield>
   </datafield>
   <datafield ind1="1" ind2=" " tag="100">
      <subfield code="a">Andō, Hiroshige,</subfield>
      <subfield code="d">1797-1858.</subfield>
   </datafield>
   <datafield ind1="1" ind2="0" tag="245">
      <subfield code="a">[Hiroshige's wood-block "Shono, a shower" :</subfield>
      <subfield code="b">from the 53 stations of the Tōkaidō, showing all the steps of the color block process].</subfield>
   </datafield>
   <datafield ind1=" " ind2=" " tag="260">
      <subfield code="a">[Japan? :</subfield>
      <subfield code="b">s.n.,</subfield>
      <subfield code="c">19--?].</subfield>
   </datafield>
   <datafield ind1=" " ind2=" " tag="300">
      <subfield code="a">[27] p. :</subfield>
      <subfield code="b">all col. ill. ;</subfield>
      <subfield code="c">10 x 14 cm.</subfield>
   </datafield>
   <datafield ind1=" " ind2=" " tag="500">
      <subfield code="a">On double leaves, traditional oriental format.</subfield>
   </datafield>
   <datafield ind1=" " ind2="0" tag="650">
      <subfield code="a">Color prints</subfield>
      <subfield code="x">Technique.</subfield>
   </datafield>
</record>