<record xmlns="http://www.loc.gov/MARC21/slim" xmlns:xsi="http://www.w3.org/2001/XMLSchema-instance">
   <leader>01440cam a2200349Ia 4500</leader>
   <controlfield tag="001">5952219</controlfield>
   <controlfield tag="005">20100729123026.0</controlfield>
   <controlfield tag="008">091002s1852    ja a          000 0 jpn d</controlfield>
   <datafield ind1=" " ind2=" " tag="035">
      <subfield code="a">(OCoLC)ocm36503359</subfield>
   </datafield>
   <datafield ind1=" " ind2=" " tag="040">
      <subfield code="a">EAU</subfield>
      <subfield code="c">EAU</subfield>
      <subfield code="d">OCLCG</subfield>
      <subfield code="d">NjP</subfield>
   </datafield>
   <datafield ind1=" " ind2=" " tag="035">
      <subfield code="a">(OCoLC)36503359</subfield>
   </datafield>
   <datafield ind1=" " ind2=" " tag="043">
      <subfield code="a">a-ja---</subfield>
   </datafield>
   <datafield ind1=" " ind2="4" tag="050">
      <subfield code="a">NE1325.A5</subfield>
      <subfield code="b">T63</subfield>
   </datafield>
   <datafield ind1="1" ind2=" " tag="100">
      <subfield code="a">Andō, Hiroshige,</subfield>
      <subfield code="d">1797-1858.</subfield>
   </datafield>
   <datafield ind1="1" ind2="0" tag="240">
      <subfield code="a">Fifty-three stations of the Tōkaidō</subfield>
   </datafield>
   <datafield ind1="1" ind2="0" tag="245">
      <subfield code="a">Gojūsantsugi.</subfield>
   </datafield>
   <datafield ind1="1" ind2=" " tag="246">
      <subfield code="i">Known as the</subfield>
      <subfield code="a">Jinbutsu Tōkaidō</subfield>
   </datafield>
   <datafield ind1=" " ind2=" " tag="260">
      <subfield code="a">[Edo :</subfield>
      <subfield code="b">Muraichi,</subfield>
      <subfield code="c">1852]</subfield>
   </datafield>
   <datafield ind1=" " ind2=" " tag="300">
      <subfield code="a">1 v. :</subfield>
      <subfield code="b">56 col. ill. ;</subfield>
      <subfield code="c">24 cm.</subfield>
   </datafield>
   <datafield ind1=" " ind2=" " tag="500">
      <subfield code="a">Caption title. Imprint from second illustration.</subfield>
   </datafield>
   <datafield ind1=" " ind2=" " tag="500">
      <subfield code="a">Date from Ukiyoe jiten, 1977.</subfield>
   </datafield>
   <datafield ind1=" " ind2=" " tag="500">
      <subfield code="a">A single sheet, accordion fold format. Color woodblock prints, Chuban tate-e format, mounted on both sides.</subfield>
   </datafield>
   <datafield ind1=" " ind2=" " tag="500">
      <subfield code="3">GAX copy</subfield>
      <subfield code="a">Includes original ink wash caricature of Albert Einstein, drawn on endpapers in 1922 by Okamoto Ippei and signed by Einstein.</subfield>
      <subfield code="5">NjP</subfield>
   </datafield>
   <datafield ind1="1" ind2="0" tag="600">
      <subfield code="a">Andō, Hiroshige,</subfield>
      <subfield code="d">1797-1858.</subfield>
   </datafield>
   <datafield ind1=" " ind2="0" tag="651">
      <subfield code="a">Tōkaidō (Japan)</subfield>
      <subfield code="v">In art.</subfield>
   </datafield>
   <datafield ind1="1" ind2="0" tag="600">
      <subfield code="a">Einstein, Albert,</subfield>
      <subfield code="d">1879-1955</subfield>
      <subfield code="v">Caricatures and cartoons.</subfield>
   </datafield>
   <datafield ind1=" " ind2="0" tag="650">
      <subfield code="a">Color prints, Japanese</subfield>
      <subfield code="y">Meiji period, 1868-1912.</subfield>
   </datafield>
   <datafield ind1=" " ind2="0" tag="650">
      <subfield code="a">Prints, Japanese</subfield>
      <subfield code="y">19th century.</subfield>
   </datafield>
   <datafield ind1=" " ind2="7" tag="655">
      <subfield code="a">Woodcuts</subfield>
      <subfield code="z">Japan</subfield>
      <subfield code="y">Meiji period, 1868-1912.</subfield>
      <subfield code="2">gmgpc</subfield>
   </datafield>
   <datafield ind1=" " ind2="7" tag="655">
      <subfield code="a">Accordion fold format (Binding)</subfield>
      <subfield code="2">rbbin</subfield>
   </datafield>
   <datafield ind1="1" ind2=" " tag="700">
      <subfield code="a">Einstein, Albert,</subfield>
      <subfield code="d">1879-1955,</subfield>
      <subfield code="e">former owner.</subfield>
      <subfield code="5">NjP</subfield>
   </datafield>
</record>