<record xmlns="http://www.loc.gov/MARC21/slim" xmlns:xsi="http://www.w3.org/2001/XMLSchema-instance">
   <leader>01421cam a2200361 a 4500</leader>
   <controlfield tag="001">6131707</controlfield>
   <controlfield tag="005">20111212082947.0</controlfield>
   <controlfield tag="008">100519s1922    ja a          000 0 jpn d</controlfield>
   <datafield ind1=" " ind2=" " tag="040">
      <subfield code="a">NjP</subfield>
      <subfield code="c">NjP</subfield>
   </datafield>
   <datafield ind1=" " ind2=" " tag="043">
      <subfield code="a">a-ja---</subfield>
   </datafield>
   <datafield ind1=" " ind2=" " tag="066">
      <subfield code="c">$1</subfield>
   </datafield>
   <datafield ind1="1" ind2=" " tag="100">
      <subfield code="6">880-01/$1</subfield>
      <subfield code="a">Ōtani, Sonʼyū,</subfield>
      <subfield code="d">1886-1939.</subfield>
   </datafield>
   <datafield ind1="1" ind2="0" tag="245">
      <subfield code="6">880-02/$1</subfield>
      <subfield code="a">Tōkaidō gojūsantsugi emaki.</subfield>
   </datafield>
   <datafield ind1=" " ind2=" " tag="260">
      <subfield code="6">880-03/$1</subfield>
      <subfield code="a">Kyōto :</subfield>
      <subfield code="b">Nakamura Taikan,</subfield>
      <subfield code="c">Taishō 11 [1922]</subfield>
   </datafield>
   <datafield ind1=" " ind2=" " tag="300">
      <subfield code="a">1 case :</subfield>
      <subfield code="b">all ill. ;</subfield>
      <subfield code="c">25 cm.</subfield>
   </datafield>
   <datafield ind1=" " ind2=" " tag="500">
      <subfield code="a">Title from case. Case contains 8 scrolls.</subfield>
   </datafield>
   <datafield ind1=" " ind2=" " tag="500">
      <subfield code="a">Artists (from scroll 8): Ōtani Sonʼyū, Iguchi Kashū. Printed by Motohashi, Sadajirō.</subfield>
   </datafield>
   <datafield ind1=" " ind2=" " tag="500">
      <subfield code="a">Woodblock printing over collotype.</subfield>
   </datafield>
   <datafield ind1=" " ind2="0" tag="651">
      <subfield code="a">Tōkaidō (Japan)</subfield>
      <subfield code="v">In art</subfield>
   </datafield>
   <datafield ind1=" " ind2="0" tag="650">
      <subfield code="a">Scrolls, Japanese</subfield>
      <subfield code="y">Taishō period, 1912-1926</subfield>
      <subfield code="v">Specimens.</subfield>
   </datafield>
   <datafield ind1="1" ind2=" " tag="700">
      <subfield code="6">880-04/$1</subfield>
      <subfield code="a">Iguchi, Kashū,</subfield>
      <subfield code="d">1880-1930.</subfield>
   </datafield>
   <datafield ind1="1" ind2=" " tag="700">
      <subfield code="6">880-05/$1</subfield>
      <subfield code="a">Motohashi, Sadajirō.</subfield>
   </datafield>
   <datafield ind1="1" ind2=" " tag="700">
      <subfield code="a">Andō, Hiroshige,</subfield>
      <subfield code="d">1797-1858.</subfield>
      <subfield code="t">Fifty-three stations of the Tōkaidō.</subfield>
   </datafield>
   <datafield ind1="2" ind2=" " tag="710">
      <subfield code="6">880-06/$1</subfield>
      <subfield code="a">Nakamura Taikan.</subfield>
   </datafield>
   <datafield ind1="1" ind2=" " tag="880">
      <subfield code="6">100-01</subfield>
      <subfield code="a">大谷, 尊由,</subfield>
      <subfield code="d">1886-1939.</subfield>
   </datafield>
   <datafield ind1="0" ind2="0" tag="880">
      <subfield code="6">245-02</subfield>
      <subfield code="a">東海道五十三次絵卷.</subfield>
   </datafield>
   <datafield ind1=" " ind2=" " tag="880">
      <subfield code="6">260-03</subfield>
      <subfield code="a">京都 :</subfield>
      <subfield code="b">中村大觀,</subfield>
      <subfield code="c">大正 11 [1922]</subfield>
   </datafield>
   <datafield ind1="1" ind2=" " tag="880">
      <subfield code="6">700-04</subfield>
      <subfield code="a">井口, 華秋,</subfield>
      <subfield code="d">1880-1930.</subfield>
   </datafield>
   <datafield ind1="1" ind2=" " tag="880">
      <subfield code="6">700-05</subfield>
      <subfield code="a">本橋貞次郎</subfield>
   </datafield>
   <datafield ind1="2" ind2=" " tag="880">
      <subfield code="6">710-06</subfield>
      <subfield code="a">中村大觀</subfield>
   </datafield>
</record>