<record xmlns="http://www.loc.gov/MARC21/slim" xmlns:xsi="http://www.w3.org/2001/XMLSchema-instance">
   <leader>01233cam a2200337Ia 4500</leader>
   <controlfield tag="001">6166075</controlfield>
   <controlfield tag="005">20100811120224.0</controlfield>
   <controlfield tag="008">920903s1920    ja a          000 0ajpn  </controlfield>
   <datafield ind1=" " ind2=" " tag="035">
      <subfield code="a">(OCoLC)ocn654818061</subfield>
   </datafield>
   <datafield ind1=" " ind2=" " tag="035">
      <subfield code="a">(OCoLC)ocm33772001</subfield>
   </datafield>
   <datafield ind1=" " ind2=" " tag="035">
      <subfield code="a">(OCoLC)33772001</subfield>
   </datafield>
   <datafield ind1=" " ind2=" " tag="040">
      <subfield code="a">PUL</subfield>
      <subfield code="c">PUL</subfield>
   </datafield>
   <datafield ind1=" " ind2=" " tag="035">
      <subfield code="a">(OCoLC)654818061</subfield>
   </datafield>
   <datafield ind1=" " ind2=" " tag="043">
      <subfield code="a">a-ja---</subfield>
   </datafield>
   <datafield ind1="1" ind2=" " tag="100">
      <subfield code="6">880-01</subfield>
      <subfield code="a">Mizushima, Niou,</subfield>
      <subfield code="d">1884-1958.</subfield>
   </datafield>
   <datafield ind1="1" ind2="0" tag="245">
      <subfield code="a">Tōkaidō gojus̄an-tsugi. /</subfield>
      <subfield code="c">[chosakusha Mizushima Niou].</subfield>
   </datafield>
   <datafield ind1="3" ind2=" " tag="246">
      <subfield code="6">880-02</subfield>
      <subfield code="a">Tōkaidō 53-tsugi</subfield>
   </datafield>
   <datafield ind1=" " ind2=" " tag="260">
      <subfield code="a">Tōkyō-shi :</subfield>
      <subfield code="b">Kanao Bunʼendō,</subfield>
      <subfield code="c">Taishō 9 [1920]</subfield>
   </datafield>
   <datafield ind1=" " ind2=" " tag="300">
      <subfield code="a">251, 8 p. :</subfield>
      <subfield code="b">ill. (some col.) ;</subfield>
      <subfield code="c">19 cm.</subfield>
   </datafield>
   <datafield ind1=" " ind2=" " tag="500">
      <subfield code="a">In slipcase.</subfield>
   </datafield>
   <datafield ind1=" " ind2="0" tag="651">
      <subfield code="6">880-03</subfield>
      <subfield code="a">Tōkaidō (Japan)</subfield>
      <subfield code="v">In art.</subfield>
   </datafield>
   <datafield ind1=" " ind2="0" tag="651">
      <subfield code="6">880-04</subfield>
      <subfield code="a">Tōkaidō (Japan)</subfield>
      <subfield code="x">Description and travel.</subfield>
   </datafield>
   <datafield ind1="1" ind2=" " tag="880">
      <subfield code="6">100-01</subfield>
      <subfield code="a">水島爾保布,</subfield>
      <subfield code="d">1884-1958.</subfield>
   </datafield>
   <datafield ind1="1" ind2="0" tag="880">
      <subfield code="6">245-00</subfield>
      <subfield code="a">東海道五十三次 /</subfield>
      <subfield code="c">[著作者水島爾保布].</subfield>
   </datafield>
   <datafield ind1="3" ind2=" " tag="880">
      <subfield code="6">246-02</subfield>
      <subfield code="a">東海道 53 次</subfield>
   </datafield>
   <datafield ind1=" " ind2=" " tag="880">
      <subfield code="6">260-00</subfield>
      <subfield code="a">東京市 :</subfield>
      <subfield code="b">金尾文淵堂,</subfield>
      <subfield code="c">大正9 [1920]</subfield>
   </datafield>
   <datafield ind1=" " ind2="4" tag="880">
      <subfield code="6">651-03</subfield>
      <subfield code="a">東海道 (Japan)</subfield>
      <subfield code="v">In art.</subfield>
   </datafield>
   <datafield ind1=" " ind2="4" tag="880">
      <subfield code="6">651-04</subfield>
      <subfield code="a">東海道 (Japan)</subfield>
      <subfield code="x">Description and travel.</subfield>
   </datafield>
</record>