<record xmlns="http://www.loc.gov/MARC21/slim" xmlns:xsi="http://www.w3.org/2001/XMLSchema-instance">
   <leader>01054nam a2200289Ii 4500</leader>
   <controlfield tag="001">6226606</controlfield>
   <controlfield tag="005">20100902150405.0</controlfield>
   <controlfield tag="008">100902s1921    ja            000 0 jpn d</controlfield>
   <datafield ind1=" " ind2=" " tag="035">
      <subfield code="a">(OCoLC)ocn660169625</subfield>
   </datafield>
   <datafield ind1=" " ind2=" " tag="040">
      <subfield code="a">LWU</subfield>
      <subfield code="c">PULEA</subfield>
      <subfield code="d">PULEA</subfield>
   </datafield>
   <datafield ind1=" " ind2=" " tag="035">
      <subfield code="a">(OCoLC)660169625</subfield>
   </datafield>
   <datafield ind1=" " ind2="4" tag="050">
      <subfield code="a">G7962.T63</subfield>
      <subfield code="b">S55 1921</subfield>
   </datafield>
   <datafield ind1=" " ind2=" " tag="079">
      <subfield code="a">ocm33799718</subfield>
   </datafield>
   <datafield ind1=" " ind2=" " tag="049">
      <subfield code="a">MAIN</subfield>
   </datafield>
   <datafield ind1="1" ind2=" " tag="100">
      <subfield code="6">880-01</subfield>
      <subfield code="a">Shimizu, Yoshiyasu.</subfield>
   </datafield>
   <datafield ind1="1" ind2="0" tag="245">
      <subfield code="6">880-02</subfield>
      <subfield code="a">Tōkaidō panorama chizu.</subfield>
   </datafield>
   <datafield ind1=" " ind2=" " tag="260">
      <subfield code="6">880-03</subfield>
      <subfield code="a">Tōkyō :</subfield>
      <subfield code="b">Kanao Bun'endō,</subfield>
      <subfield code="c">Taishō 10 [1921]</subfield>
   </datafield>
   <datafield ind1=" " ind2=" " tag="300">
      <subfield code="a">1 map :</subfield>
      <subfield code="b">woodcut, ms. col. ;</subfield>
      <subfield code="c">22.8 x 722.4 cm folded and in case 23.2 x 9.3 x 1.4 cm.</subfield>
   </datafield>
   <datafield ind1="1" ind2=" " tag="490">
      <subfield code="6">880-04</subfield>
      <subfield code="a">Nihon zenkoku panorama chizu ;</subfield>
      <subfield code="v">1</subfield>
   </datafield>
   <datafield ind1=" " ind2="0" tag="830">
      <subfield code="6">880-05</subfield>
      <subfield code="a">Nihon zenkoku panorama chizu ;</subfield>
      <subfield code="v">1.</subfield>
   </datafield>
   <datafield ind1="1" ind2=" " tag="880">
      <subfield code="6">100-01</subfield>
      <subfield code="a">淸水吉康.</subfield>
   </datafield>
   <datafield ind1="1" ind2="0" tag="880">
      <subfield code="6">245-02</subfield>
      <subfield code="a">東海道パノラマ地図.</subfield>
   </datafield>
   <datafield ind1=" " ind2=" " tag="880">
      <subfield code="6">260-03</subfield>
      <subfield code="a">東京 :</subfield>
      <subfield code="b">金尾文淵堂,</subfield>
      <subfield code="c">大正10 [1921]</subfield>
   </datafield>
   <datafield ind1="1" ind2=" " tag="880">
      <subfield code="6">490-04</subfield>
      <subfield code="a">日本全国パノラマ地図 ;</subfield>
      <subfield code="v">第1卷</subfield>
   </datafield>
   <datafield ind1=" " ind2="0" tag="880">
      <subfield code="6">830-05</subfield>
      <subfield code="a">日本全国パノラマ地図 ;</subfield>
      <subfield code="v">第1卷.</subfield>
   </datafield>
</record>