<record xmlns="http://www.loc.gov/MARC21/slim" xmlns:xsi="http://www.w3.org/2001/XMLSchema-instance">
   <leader>00737ctm a22002415  4500</leader>
   <controlfield tag="001">2087793</controlfield>
   <controlfield tag="005">20120724093654.0</controlfield>
   <controlfield tag="008">981024s1884    xx            000 0 ger d</controlfield>
   <datafield ind1=" " ind2=" " tag="035">
      <subfield code="a">(OCoLC)ocm40162331</subfield>
   </datafield>
   <datafield ind1=" " ind2=" " tag="035">
      <subfield code="9">CHW4921TS</subfield>
   </datafield>
   <datafield ind1=" " ind2=" " tag="040">
      <subfield code="a">PUL</subfield>
      <subfield code="c">PUL</subfield>
   </datafield>
   <datafield ind1="1" ind2=" " tag="100">
      <subfield code="a">Richter, Jean Paul,</subfield>
      <subfield code="d">1847-1937.</subfield>
   </datafield>
   <datafield ind1="0" ind2="0" tag="245">
      <subfield code="a">Manuscript on the Veronese School of Painting ...</subfield>
      <subfield code="b">written in autumn 1884, and never published.</subfield>
   </datafield>
   <datafield ind1="0" ind2=" " tag="246">
      <subfield code="i">Binder's title:</subfield>
      <subfield code="a">I Veronesi</subfield>
   </datafield>
   <datafield ind1=" " ind2=" " tag="260">
      <subfield code="c">1884.</subfield>
   </datafield>
   <datafield ind1=" " ind2=" " tag="300">
      <subfield code="a">282 numb. .</subfield>
      <subfield code="c">27 cm.</subfield>
   </datafield>
   <datafield ind1=" " ind2=" " tag="590">
      <subfield code="a">Ms.</subfield>
   </datafield>
   <datafield ind1=" " ind2=" " tag="546">
      <subfield code="a">In German.</subfield>
   </datafield>
   <datafield ind1=" " ind2="0" tag="650">
      <subfield code="a">Painting</subfield>
      <subfield code="z">Italy</subfield>
      <subfield code="z">Verona.</subfield>
   </datafield>
   <datafield ind1=" " ind2="0" tag="650">
      <subfield code="a">Painters, Italian</subfield>
      <subfield code="z">Italy</subfield>
      <subfield code="z">Verona.</subfield>
   </datafield>
   <datafield ind1="4" ind2="1" tag="856">
      <subfield code="u">http://arks.princeton.edu/ark:/88435/rj430462t</subfield>
   </datafield>
</record>