<record xmlns="http://www.loc.gov/MARC21/slim" xmlns:xsi="http://www.w3.org/2001/XMLSchema-instance">
   <leader>01276cam a2200337 a 4500</leader>
   <controlfield tag="001">5235027</controlfield>
   <controlfield tag="005">20120918104407.0</controlfield>
   <controlfield tag="008">930920s1631    fr            000 0 fre  </controlfield>
   <datafield ind1=" " ind2=" " tag="010">
      <subfield code="a">93207707</subfield>
   </datafield>
   <datafield ind1=" " ind2=" " tag="035">
      <subfield code="a">(OCoLC)ocm35018192</subfield>
   </datafield>
   <datafield ind1=" " ind2=" " tag="040">
      <subfield code="a">DLC</subfield>
      <subfield code="e">dcrb</subfield>
      <subfield code="c">DLC</subfield>
      <subfield code="d">OCL</subfield>
      <subfield code="d">OCLCQ</subfield>
      <subfield code="d">NjP</subfield>
   </datafield>
   <datafield ind1=" " ind2=" " tag="035">
      <subfield code="a">(OCoLC)35018192</subfield>
   </datafield>
   <datafield ind1="1" ind2=" " tag="041">
      <subfield code="a">fre</subfield>
      <subfield code="h">eng</subfield>
   </datafield>
   <datafield ind1="0" ind2="0" tag="050">
      <subfield code="a">Q155.B14</subfield>
      <subfield code="b">S9514 1631</subfield>
   </datafield>
   <datafield ind1="1" ind2=" " tag="100">
      <subfield code="a">Bacon, Francis,</subfield>
      <subfield code="d">1561-1626.</subfield>
   </datafield>
   <datafield ind1="1" ind2="0" tag="240">
      <subfield code="a">Sylva sylvarum.</subfield>
      <subfield code="l">French</subfield>
   </datafield>
   <datafield ind1="1" ind2="0" tag="245">
      <subfield code="a">Histoire naturelle de Mre. Francois Bacon ...</subfield>
   </datafield>
   <datafield ind1="3" ind2=" " tag="246">
      <subfield code="a">Histoire naturelle de Messire Francois Bacon</subfield>
   </datafield>
   <datafield ind1=" " ind2=" " tag="260">
      <subfield code="a">A Paris :</subfield>
      <subfield code="b">Chez Antoine de Sommaville &amp; André Soubron ...,</subfield>
      <subfield code="c">1631.</subfield>
   </datafield>
   <datafield ind1=" " ind2=" " tag="300">
      <subfield code="a">[16], 26, [6], 567, [1] p. ;</subfield>
      <subfield code="c">17 cm. (8vo)</subfield>
   </datafield>
   <datafield ind1=" " ind2=" " tag="500">
      <subfield code="a">"L'Atlas nouueau": p. 419-567.</subfield>
   </datafield>
   <datafield ind1=" " ind2=" " tag="500">
      <subfield code="a">Signatures: a⁸ A-2O⁸ 2P⁴.</subfield>
   </datafield>
   <datafield ind1="4" ind2=" " tag="510">
      <subfield code="a">Gibson, R. Bacon,</subfield>
      <subfield code="c">184</subfield>
   </datafield>
   <datafield ind1=" " ind2="0" tag="650">
      <subfield code="a">Science</subfield>
      <subfield code="v">Early works to 1800.</subfield>
   </datafield>
   <datafield ind1=" " ind2="0" tag="650">
      <subfield code="a">Natural history</subfield>
      <subfield code="v">Pre-Linnean works.</subfield>
   </datafield>
   <datafield ind1=" " ind2="0" tag="650">
      <subfield code="a">Science</subfield>
      <subfield code="x">Experiments</subfield>
      <subfield code="v">Early works to 1800.</subfield>
   </datafield>
   <datafield ind1=" " ind2="0" tag="650">
      <subfield code="a">Natural history</subfield>
      <subfield code="x">Experiments</subfield>
      <subfield code="v">Early works to 1800.</subfield>
   </datafield>
   <datafield ind1="1" ind2="2" tag="700">
      <subfield code="a">Bacon, Francis,</subfield>
      <subfield code="d">1561-1626.</subfield>
      <subfield code="t">New Atlantis.</subfield>
      <subfield code="l">French.</subfield>
   </datafield>
   <datafield ind1="4" ind2="1" tag="856">
      <subfield code="u">http://arks.princeton.edu/ark:/88435/x059c7360</subfield>
      <subfield code="z">Digital surrogate</subfield>
   </datafield>
</record>