<record xmlns="http://www.loc.gov/MARC21/slim" xmlns:xsi="http://www.w3.org/2001/XMLSchema-instance">
   <leader>01144cam a2200253   4500</leader>
   <controlfield tag="001">1745946</controlfield>
   <controlfield tag="005">20110114135906.0</controlfield>
   <controlfield tag="008">781023s1861    enk           000 0 eng d</controlfield>
   <datafield ind1=" " ind2=" " tag="035">
      <subfield code="a">(OCoLC)ocm04312587</subfield>
   </datafield>
   <datafield ind1=" " ind2=" " tag="035">
      <subfield code="9">CFU5187TS</subfield>
   </datafield>
   <datafield ind1=" " ind2=" " tag="040">
      <subfield code="a">CIN</subfield>
      <subfield code="c">CIN</subfield>
      <subfield code="d">NjP</subfield>
   </datafield>
   <datafield ind1="1" ind2=" " tag="100">
      <subfield code="a">Prichard, James Cowles,</subfield>
      <subfield code="d">1786-1848.</subfield>
   </datafield>
   <datafield ind1="1" ind2="0" tag="245">
      <subfield code="a">[Six ethnographical maps, illustrative of "The natural history of man," and "Researches into the physical history of mankind."</subfield>
      <subfield code="c">By James Cowles Prichard.</subfield>
   </datafield>
   <datafield ind1=" " ind2=" " tag="250">
      <subfield code="a">2d ed.</subfield>
   </datafield>
   <datafield ind1=" " ind2=" " tag="260">
      <subfield code="a">London, New York,</subfield>
      <subfield code="b">H. Baillière</subfield>
      <subfield code="c">[1861]</subfield>
   </datafield>
   <datafield ind1=" " ind2=" " tag="300">
      <subfield code="a">3 p.,</subfield>
      <subfield code="b">6 double maps,</subfield>
      <subfield code="c">54 x 35 cm.</subfield>
   </datafield>
   <datafield ind1=" " ind2=" " tag="500">
      <subfield code="a">No t.-p.; title supplied from label mounted on cover of a copy of the 2d (i.e.3d) edition, 1864 in the Surgeon General's library.</subfield>
   </datafield>
   <datafield ind1=" " ind2=" " tag="500">
      <subfield code="a">Each map has title: Ethnographical map ... illustrative Dr. Prichard's Natural history of man. And has Researches into the physical history of mankind. 2d. ed. 1864.</subfield>
   </datafield>
   <datafield ind1=" " ind2=" " tag="500">
      <subfield code="a">Imprint at foot of each map as above.</subfield>
   </datafield>
   <datafield ind1=" " ind2=" " tag="500">
      <subfield code="a">Text: 3 p. (44 x 28 cm.)</subfield>
   </datafield>
   <datafield ind1=" " ind2="0" tag="650">
      <subfield code="a">Ethnology</subfield>
      <subfield code="v">Atlases.</subfield>
   </datafield>
   <datafield ind1="4" ind2="1" tag="856">
      <subfield code="u">http://arks.princeton.edu/ark:/88435/9880vq97z</subfield>
   </datafield>
</record>