<record xmlns="http://www.loc.gov/MARC21/slim" xmlns:xsi="http://www.w3.org/2001/XMLSchema-instance">
   <leader>02240ctm a2200373 a 4500</leader>
   <controlfield tag="001">3599298</controlfield>
   <controlfield tag="005">20080110163732.0</controlfield>
   <controlfield tag="008">020321q12001299tu            000 0 grc d</controlfield>
   <datafield ind1=" " ind2=" " tag="040">
      <subfield code="a">NjP</subfield>
      <subfield code="c">NjP</subfield>
      <subfield code="e">amremm</subfield>
   </datafield>
   <datafield ind1="0" ind2=" " tag="100">
      <subfield code="a">Aristotle.</subfield>
   </datafield>
   <datafield ind1="1" ind2="0" tag="245">
      <subfield code="a">Organon.</subfield>
   </datafield>
   <datafield ind1=" " ind2=" " tag="260">
      <subfield code="a">[Constantinople,</subfield>
      <subfield code="c">12--?]</subfield>
   </datafield>
   <datafield ind1=" " ind2=" " tag="300">
      <subfield code="a">165 leaves :</subfield>
      <subfield code="b">paper ;</subfield>
      <subfield code="c">330 x 245 mm. (225 x 146 mm.)</subfield>
   </datafield>
   <datafield ind1=" " ind2=" " tag="500">
      <subfield code="a">Ms. codex.</subfield>
   </datafield>
   <datafield ind1="0" ind2=" " tag="505">
      <subfield code="g">fol. 1r-15v:</subfield>
      <subfield code="a">De interpretatione, with extensive marginal scholia and interlinear glosses.</subfield>
   </datafield>
   <datafield ind1="8" ind2=" " tag="505">
      <subfield code="g">fol. 15v-78r:</subfield>
      <subfield code="a">Prior analytics, with extensive marginal scholia and interlinear glosses.</subfield>
   </datafield>
   <datafield ind1="8" ind2=" " tag="505">
      <subfield code="g">fol. 78r-118r:</subfield>
      <subfield code="a">Posterior analytics, with extensive marginal scholia and interlinear glosses.</subfield>
   </datafield>
   <datafield ind1="8" ind2=" " tag="505">
      <subfield code="g">fol. 118r-164v:</subfield>
      <subfield code="a">Topics, with extensive marginal scholia and interlinear glosses.</subfield>
   </datafield>
   <datafield ind1="2" ind2=" " tag="520">
      <subfield code="a">A late 13th-century Byzantine manuscript from Constantinople containing Aristotle's Organon (De interpretatione, Prior analytics, Posterior analytics, and Topics), accompanied by diagrams and other textual materials copied during the Paleologan Renaissance at the time of the Paleologi Dynasty, 1259-1448. The manuscript is extensively annotated with marginal scholia and interlinear glosses, some of which are unknown and as yet unpublished. Many of the scholia and diagrams in the manuscript appear to have been added by John Chortasmenos (ca. 1370-1430). Commentators include Alexander of Aphrodisias, Nicephorus Gregoras, Leo Magentus, John Philoponus, Michael Psellus, and Themistius.</subfield>
   </datafield>
   <datafield ind1=" " ind2=" " tag="541">
      <subfield code="c">Purchase:</subfield>
      <subfield code="a">Acquired with matching funds provided by the Program in Hellenic Studies with the support of the Stanley J. Seeger Hellenic Fund.</subfield>
   </datafield>
   <datafield ind1="0" ind2="0" tag="600">
      <subfield code="a">Aristotle</subfield>
      <subfield code="v">Scholia.</subfield>
   </datafield>
   <datafield ind1=" " ind2="0" tag="650">
      <subfield code="a">Logic</subfield>
      <subfield code="v">Early works to 1800.</subfield>
   </datafield>
   <datafield ind1=" " ind2="7" tag="655">
      <subfield code="a">Annotations (Provenance)</subfield>
      <subfield code="2">rbprov</subfield>
   </datafield>
   <datafield ind1=" " ind2="7" tag="655">
      <subfield code="a">Glosses.</subfield>
      <subfield code="2">aat</subfield>
   </datafield>
   <datafield ind1=" " ind2="7" tag="655">
      <subfield code="a">Manuscripts, Greek</subfield>
      <subfield code="y">13th century.</subfield>
      <subfield code="2">lcsh</subfield>
   </datafield>
   <datafield ind1="1" ind2=" " tag="700">
      <subfield code="a">Chortasmenos, John,</subfield>
      <subfield code="d">ca. 1370-1430.</subfield>
   </datafield>
   <datafield ind1="1" ind2=" " tag="700">
      <subfield code="a">Psellus, Michael.</subfield>
   </datafield>
   <datafield ind1="1" ind2=" " tag="700">
      <subfield code="a">Gregoras, Nicephorus,</subfield>
      <subfield code="d">1295-1359 or 60.</subfield>
   </datafield>
   <datafield ind1="1" ind2=" " tag="700">
      <subfield code="a">Magentus, Leo.</subfield>
   </datafield>
   <datafield ind1="0" ind2=" " tag="700">
      <subfield code="a">Alexander,</subfield>
      <subfield code="c">of Aphrodisias.</subfield>
   </datafield>
   <datafield ind1="0" ind2=" " tag="700">
      <subfield code="a">Themistius.</subfield>
   </datafield>
   <datafield ind1="1" ind2=" " tag="700">
      <subfield code="a">Philoponus, John,</subfield>
      <subfield code="d">6th cent.</subfield>
   </datafield>
   <datafield ind1="4" ind2="1" tag="856">
      <subfield code="u">http://arks.princeton.edu/ark:/88435/tb09j565d</subfield>
   </datafield>
</record>