<record xmlns="http://www.loc.gov/MARC21/slim" xmlns:xsi="http://www.w3.org/2001/XMLSchema-instance">
   <leader>04153ctmaa2200469 a 4500</leader>
   <controlfield tag="001">3477029</controlfield>
   <controlfield tag="005">20120724090242.0</controlfield>
   <controlfield tag="008">011112q17751800mx            000 0 myn d</controlfield>
   <datafield ind1=" " ind2=" " tag="040">
      <subfield code="a">NjP</subfield>
      <subfield code="c">NjP</subfield>
      <subfield code="e">appm</subfield>
   </datafield>
   <datafield ind1="0" ind2=" " tag="041">
      <subfield code="a">mynspa</subfield>
   </datafield>
   <datafield ind1=" " ind2=" " tag="043">
      <subfield code="a">n-mx---</subfield>
   </datafield>
   <datafield ind1="0" ind2=" " tag="130">
      <subfield code="a">Chilam Balam de Chumayel (Manuscript)</subfield>
   </datafield>
   <datafield ind1="0" ind2="0" tag="245">
      <subfield code="a">Book of the Chilam Balam of Chumayel,</subfield>
      <subfield code="f">[between 1775 and 1800].</subfield>
   </datafield>
   <datafield ind1="0" ind2=" " tag="246">
      <subfield code="i">Incipit :</subfield>
      <subfield code="a">U chin vucub icil an Canule: Ix jac</subfield>
   </datafield>
   <datafield ind1=" " ind2=" " tag="300">
      <subfield code="a">1</subfield>
      <subfield code="f">v. (55 leaves) :</subfield>
      <subfield code="b">paper, ill. ;</subfield>
      <subfield code="c">20 x 15 cm.</subfield>
   </datafield>
   <datafield ind1="0" ind2=" " tag="520">
      <subfield code="a">Manuscript, written and illustrated in Chumayel, Yucatán, is a late 18th century copy, cf. Edmondson, Berrera, and Roys. Concerns the history of the conquest of the Yucatán by the Spaniards. Includes the ritual of the four world-quarters; the rise of Hunac Ceel to power; a prophecy for Katun 11-Ahau; the building of the mounds; memoranda concerning the history of Yucatán; notes on the calendar; the amorial bearings of Yucatán; notes on astronomy; the interrogation of the chiefs; the creation of the world; the rituals of the angels; a song of the Itza; the creation of the uinal; a history of the Spanish conquest; the prophecy of Chilam Balam and the story of Antonio Martinez; a chapter of questions and answers; an incantation; a series of Katun-prophecies; chronicles; a book of Katun-prophecies; the last judgment; prophecies of a new religion, cf. Roys. There are inscriptions in Spanish and a native language throughout (1832-1838), including names, places, and dates. For example "Chumayel Junio 28. de 1838 Chilam Balam [por Pedro Bristano].</subfield>
   </datafield>
   <datafield ind1=" " ind2=" " tag="524">
      <subfield code="a">Princeton Mesoamerican Manuscripts, no. 4, Manuscripts Division, Dept. of Rare Books and Special Collections, Princeton University Library.</subfield>
   </datafield>
   <datafield ind1=" " ind2=" " tag="546">
      <subfield code="a">Text in Yucatec with some Spanish.</subfield>
   </datafield>
   <datafield ind1=" " ind2=" " tag="500">
      <subfield code="a">Layout: 1 column, 32 lines.</subfield>
   </datafield>
   <datafield ind1=" " ind2=" " tag="500">
      <subfield code="a">Decoration: 27 leaves of illustration ranging from full-page drawings (in brown ink and red ink wash) to smaller ones on a portion of a textual page.</subfield>
   </datafield>
   <datafield ind1=" " ind2=" " tag="563">
      <subfield code="a">Modern marbled boards; originally bound in leather (deerskin?); in cloth box.</subfield>
   </datafield>
   <datafield ind1=" " ind2=" " tag="541">
      <subfield code="a">Acquired in 1968 from the widow of Julio Berzunza by Princeton University Library with the aid of subvention provided by John Hauberg, Princeton Class of 1939.</subfield>
   </datafield>
   <datafield ind1=" " ind2=" " tag="561">
      <subfield code="a">Found in the 19th-century in Chumayel, probably by don Adumaro Molina; given to Bishop Crescencio Carrillo y Ancona; the manuscript was expropriated by the government of General Alvarado (from Rivero Figueroa's library) in 1915; became part of the Cepeda Library in Merida and then disappeared; said to have belonged to Julio Berzunza in 1945.</subfield>
   </datafield>
   <datafield ind1="4" ind2=" " tag="510">
      <subfield code="a">Cline, H. F. Guide to Ethnohistorical Sources,</subfield>
      <subfield code="c">1146</subfield>
   </datafield>
   <datafield ind1="4" ind2=" " tag="510">
      <subfield code="a">Weeks, J.M. Mesoamerican Ethnohistory in United States Libraries,</subfield>
      <subfield code="c">148</subfield>
   </datafield>
   <datafield ind1=" " ind2=" " tag="581">
      <subfield code="a">Book of the Chilam Balam of Chumayel / Carl Hermann Berendt. Berendt Linquistics Collections 50. Philadelphia : University of Pennsylvania Museum, 1868.</subfield>
   </datafield>
   <datafield ind1=" " ind2=" " tag="580">
      <subfield code="a">Forms part of the Princeton Mesoamerican Collection (C0940).</subfield>
   </datafield>
   <datafield ind1=" " ind2=" " tag="530">
      <subfield code="a">Facsimile reproduction: The Book of the Chilam Balam of Chumayel / with introduction by G.B. Gordon. Philadelphia : University of Pennsylvania Museum, Anthropological Publications, v. 5, 1913.</subfield>
   </datafield>
   <datafield ind1=" " ind2=" " tag="530">
      <subfield code="a">Published translation: The Chilam Balam of Chumayel / translated by Ralph L. Roys. Washington D.C. : Carnegie Institute of Washington, publication no. 438, 1933.</subfield>
   </datafield>
   <datafield ind1=" " ind2=" " tag="530">
      <subfield code="a">Published translation and transcription: Heaven Born Merida and its Destiny, The Book of Chilam Balam of Chumayel / translated by Monro S. Edmundson. Austin : University of Texas Press, 1986.</subfield>
   </datafield>
   <datafield ind1=" " ind2="0" tag="650">
      <subfield code="a">Mayas</subfield>
      <subfield code="x">Antiquities.</subfield>
   </datafield>
   <datafield ind1=" " ind2="0" tag="650">
      <subfield code="a">Mayas</subfield>
      <subfield code="x">History.</subfield>
   </datafield>
   <datafield ind1=" " ind2="0" tag="650">
      <subfield code="a">Mayas</subfield>
      <subfield code="x">Religion.</subfield>
   </datafield>
   <datafield ind1=" " ind2="0" tag="650">
      <subfield code="a">Maya language</subfield>
      <subfield code="v">Texts.</subfield>
   </datafield>
   <datafield ind1=" " ind2="7" tag="655">
      <subfield code="a">Manuscripts, Maya</subfield>
      <subfield code="y">19th century.</subfield>
      <subfield code="2">lcsh</subfield>
   </datafield>
   <datafield ind1=" " ind2="7" tag="655">
      <subfield code="a">Paper.</subfield>
      <subfield code="2">aat</subfield>
   </datafield>
   <datafield ind1=" " ind2="7" tag="655">
      <subfield code="a">Wash drawings.</subfield>
      <subfield code="2">gmgpc</subfield>
   </datafield>
   <datafield ind1="1" ind2=" " tag="700">
      <subfield code="a">Carrillo y Ancona, Crescencio,</subfield>
      <subfield code="d">1837-1897,</subfield>
      <subfield code="e">former owner.</subfield>
   </datafield>
   <datafield ind1=" " ind2=" " tag="752">
      <subfield code="a">Mexico</subfield>
      <subfield code="c">Yucatán</subfield>
      <subfield code="d">Chumayel.</subfield>
   </datafield>
   <datafield ind1="0" ind2=" " tag="773">
      <subfield code="t">Princeton Mesoamerican collection,</subfield>
      <subfield code="d">[600s]-[1800s]</subfield>
      <subfield code="w">4135971</subfield>
   </datafield>
   <datafield ind1="4" ind2="1" tag="856">
      <subfield code="u">http://arks.princeton.edu/ark:/88435/0z708w51x</subfield>
   </datafield>
</record>