<record xmlns="http://www.loc.gov/MARC21/slim" xmlns:xsi="http://www.w3.org/2001/XMLSchema-instance">
   <leader>02084ckc a2200325 a 4500</leader>
   <controlfield tag="001">1133749</controlfield>
   <controlfield tag="005">20111121144509.0</controlfield>
   <controlfield tag="007">khobp</controlfield>
   <controlfield tag="008">880518i18871888                        d</controlfield>
   <datafield ind1=" " ind2=" " tag="035">
      <subfield code="a">(CStRLIN)NJPG50184-A</subfield>
   </datafield>
   <datafield ind1=" " ind2=" " tag="035">
      <subfield code="9">CCN1248TS</subfield>
   </datafield>
   <datafield ind1=" " ind2=" " tag="035">
      <subfield code="a">1133749</subfield>
   </datafield>
   <datafield ind1=" " ind2=" " tag="040">
      <subfield code="a">NjP</subfield>
      <subfield code="c">NjP</subfield>
      <subfield code="e">appm</subfield>
   </datafield>
   <datafield ind1="1" ind2=" " tag="100">
      <subfield code="a">Cottier, Hamilton,</subfield>
      <subfield code="d">1900-1979.</subfield>
   </datafield>
   <datafield ind1="1" ind2="0" tag="245">
      <subfield code="a">Hamilton Cottier collection of California photographs,</subfield>
      <subfield code="f">1887-1888.</subfield>
   </datafield>
   <datafield ind1=" " ind2=" " tag="300">
      <subfield code="a">1 v. ;</subfield>
      <subfield code="c">28 x 36 cm.</subfield>
   </datafield>
   <datafield ind1="8" ind2=" " tag="520">
      <subfield code="a">Contains 51 albumen print photographs by Isaiah West Taber of California collected by Cottier. Most measure around 20 x 24.5 cm.</subfield>
      <subfield code="b">20 prints feature many different scenes of Chinese-Americans in San Francisco's Chinatown (including interiors, business owners, religious sanctuaries, the Chinese Consulate, and street scenes); 24 prints feature views of scenes and buildings in San Jose, Menlo Park, Stanford, Palo Alto, and Monterey, California (including Standford University, Lick Observatory, Mission San Carlos Borromeo, Santa Clara College, Hotel del Monte, Hotel Vendome, and the estates of Leland Stanford, James Clair Flood, and Timothy Hopkins); 4 prints feature views from Shasta County, California, including some scenery along the California and Oregon Railway; and 2 photographs are of an execution of fifteen pirates in Kowloon, China. An additional photograph is of the planet Saturn as observed at Lick Observatory.</subfield>
   </datafield>
   <datafield ind1=" " ind2=" " tag="541">
      <subfield code="c">Purchase,</subfield>
      <subfield code="d">1997.</subfield>
      <subfield code="e">WA 1997:94.</subfield>
   </datafield>
   <datafield ind1=" " ind2="0" tag="650">
      <subfield code="a">Executions and executioners</subfield>
      <subfield code="z">China</subfield>
      <subfield code="v">Photographs.</subfield>
   </datafield>
   <datafield ind1=" " ind2="0" tag="650">
      <subfield code="a">Pirates</subfield>
      <subfield code="z">China</subfield>
      <subfield code="v">Photographs.</subfield>
   </datafield>
   <datafield ind1=" " ind2="0" tag="650">
      <subfield code="a">Chinese Americans</subfield>
      <subfield code="x">History</subfield>
      <subfield code="v">Photographs.</subfield>
   </datafield>
   <datafield ind1=" " ind2="0" tag="650">
      <subfield code="a">Oregon and California Railroad</subfield>
      <subfield code="v">Photographs.</subfield>
   </datafield>
   <datafield ind1=" " ind2="0" tag="651">
      <subfield code="a">California</subfield>
      <subfield code="x">History</subfield>
      <subfield code="v">Photographs.</subfield>
   </datafield>
   <datafield ind1=" " ind2="0" tag="651">
      <subfield code="a">Chinatown (San Francisco, Calif.)</subfield>
      <subfield code="v">Photographs.</subfield>
   </datafield>
   <datafield ind1=" " ind2="7" tag="655">
      <subfield code="a">Photograph albums.</subfield>
      <subfield code="2">aat</subfield>
   </datafield>
   <datafield ind1="1" ind2=" " tag="700">
      <subfield code="a">Taber, I. W.</subfield>
      <subfield code="q">(Isaiah West),</subfield>
      <subfield code="d">1830-1912.</subfield>
   </datafield>
   <datafield ind1="4" ind2="1" tag="856">
      <subfield code="z">View in Digital Library</subfield>
      <subfield code="u">http://arks.princeton.edu/ark:/88435/gm80hw075</subfield>
   </datafield>
</record>