<record xmlns="http://www.loc.gov/MARC21/slim" xmlns:xsi="http://www.w3.org/2001/XMLSchema-instance">
   <leader>04228ckc a2200505 a 4500</leader>
   <controlfield tag="001">1151398</controlfield>
   <controlfield tag="005">20110915111519.0</controlfield>
   <controlfield tag="007">khobo</controlfield>
   <controlfield tag="008">880518s1909                            d</controlfield>
   <datafield ind1=" " ind2=" " tag="035">
      <subfield code="a">(CStRLIN)NJPG50183-A</subfield>
   </datafield>
   <datafield ind1=" " ind2=" " tag="035">
      <subfield code="9">CCQ0535TS</subfield>
   </datafield>
   <datafield ind1=" " ind2=" " tag="035">
      <subfield code="a">1151398</subfield>
   </datafield>
   <datafield ind1=" " ind2=" " tag="040">
      <subfield code="a">NjP</subfield>
      <subfield code="c">NjP</subfield>
      <subfield code="e">appm</subfield>
   </datafield>
   <datafield ind1="1" ind2=" " tag="100">
      <subfield code="a">Perkins, George W.</subfield>
      <subfield code="q">(George Walbridge),</subfield>
      <subfield code="d">1862-1920.</subfield>
   </datafield>
   <datafield ind1="0" ind2="0" tag="245">
      <subfield code="a">George W. Perkins photographs of Alaska,</subfield>
      <subfield code="f">1909.</subfield>
   </datafield>
   <datafield ind1="1" ind2="4" tag="246">
      <subfield code="a">Yucatan in Alaska, 1909</subfield>
   </datafield>
   <datafield ind1=" " ind2=" " tag="300">
      <subfield code="a">3 v ;</subfield>
      <subfield code="c">29 x 37 cm.</subfield>
   </datafield>
   <datafield ind1=" " ind2=" " tag="500">
      <subfield code="a">Vol. 3 has been disbound and is arranged arbitrarily.</subfield>
   </datafield>
   <datafield ind1="8" ind2=" " tag="520">
      <subfield code="a">Three photograph albums of silver gelatin photographs totaling 145 prints, ranging in size but most often averaging 24.5 x 19 cm.</subfield>
      <subfield code="b">Album 1 consists of 52 photographs, of which 31 feature scenery and geographic locations (Muir Glacier, Harriman Glacier, Harriman Fiord, Harvard Glacier, Columbia Glacier, Child's Glacier, the Copper River, Inside Passage, Glacier Bay, the town of Corova, the environs of Metlakatla and Yakutat, and the Copper River and Northwestern Railway); 17 feature the ship, crew, and party passengers touring the ship and the environments (including G.W. Perkins, Mrs. Perkins, Mr. and Mrs. Flamen Ball, Hare Delafield, Stanley Moffat and others); and 4 feature salmon fishing onboard the S.S. Yucatan. Album 2 consists of 53 photographs, of which 29 feature scenery and geographic locations (Resurrection Bay, Bartlett Bay, Pavlof Bay, the Pavlof volcanoes, Yale and Harvard Glaciers, the town of Seward, the island of Kodiak, Kenai Peninsula, views of and along the Alaska Central Railway, and the "Nassau" and "Princeton" Glaciers along with Nassau Fiord, so named by the Perkins party); 17 feature party members on the ship, touring the environs, and certain other scenes such as the wreck of the S.S. Ohio; 6 feature Native American peoples (dwellings, Totem poles, a church, group portraits); and 1 is a print of the Copper River by Eric A. Hegg, inventory number 291. Album 3 consists of 40 photographs unbound and sleeved, an additional 4 are missing. 30 feature the ship, crew, and party passengers touring the ship and the environments (including a picnic in Harriman Bay and views aboard the S.S. Yucatan picturing Wilford B. Hoggatt); 14 feature scenery and geographic locations (Orca Inlet, Harriman Fiord, Pavlof volcanoes, the town of Sitka); and 11 feature Native American peoples (dwellings, group portraits).</subfield>
   </datafield>
   <datafield ind1=" " ind2=" " tag="544">
      <subfield code="e">Also located at:</subfield>
      <subfield code="a">Alaska State Library Historical Collections,</subfield>
      <subfield code="b">P.O. Box 110571, Juneau, AK 99811-0571,</subfield>
      <subfield code="c">USA.</subfield>
   </datafield>
   <datafield ind1=" " ind2=" " tag="545">
      <subfield code="a">In 1909, George W. Perkins (Riverdale-on-Hudson, New York City), partner of J.P. Morgan, leased the S.S. Yucatan, flagship of the Alaska Steamship Company, complete with captain and crew, to bring eighteen members of his family to Alaska to view Guggenheim holdings. They were joined by Alaska Territorial Governor, Wilford B. Hoggatt, and a professional photographer. While there, the party named the Princeton and Nassau Glaciers, along with Nassau Fiord.</subfield>
   </datafield>
   <datafield ind1="1" ind2="0" tag="600">
      <subfield code="a">Hegg, Eric A., 1867-1948.</subfield>
   </datafield>
   <datafield ind1="2" ind2="0" tag="610">
      <subfield code="a">Alaska Railroad</subfield>
      <subfield code="v">Photographs.</subfield>
   </datafield>
   <datafield ind1=" " ind2="0" tag="650">
      <subfield code="a">Bays</subfield>
      <subfield code="z">Alaska</subfield>
      <subfield code="v">Photographs.</subfield>
   </datafield>
   <datafield ind1=" " ind2="0" tag="650">
      <subfield code="a">Totem Poles</subfield>
      <subfield code="v">Photographs.</subfield>
   </datafield>
   <datafield ind1=" " ind2="0" tag="650">
      <subfield code="a">Glaciers</subfield>
      <subfield code="z">Alaska</subfield>
      <subfield code="v">Photographs.</subfield>
   </datafield>
   <datafield ind1=" " ind2="0" tag="650">
      <subfield code="a">Indians of North America</subfield>
      <subfield code="z">Alaska</subfield>
      <subfield code="v">Photographs.</subfield>
   </datafield>
   <datafield ind1=" " ind2="0" tag="650">
      <subfield code="a">Copper River and Northwestern Railway</subfield>
      <subfield code="v">Photographs.</subfield>
   </datafield>
   <datafield ind1=" " ind2="0" tag="650">
      <subfield code="a">Salmon fishing</subfield>
      <subfield code="z">Alaska</subfield>
      <subfield code="v">Photographs.</subfield>
   </datafield>
   <datafield ind1=" " ind2="0" tag="650">
      <subfield code="a">Indians of North America</subfield>
      <subfield code="x">Dwellings</subfield>
      <subfield code="v">Photographs.</subfield>
   </datafield>
   <datafield ind1=" " ind2="0" tag="651">
      <subfield code="a">Inside Passage</subfield>
      <subfield code="v">Photographs.</subfield>
   </datafield>
   <datafield ind1=" " ind2="0" tag="651">
      <subfield code="a">Cordova (Ala.)</subfield>
      <subfield code="v">Photographs.</subfield>
   </datafield>
   <datafield ind1=" " ind2="0" tag="651">
      <subfield code="a">Copper River (Alaska)</subfield>
      <subfield code="v">Photographs.</subfield>
   </datafield>
   <datafield ind1=" " ind2="0" tag="651">
      <subfield code="a">Kenai Peninsula (Alaska)</subfield>
      <subfield code="v">Photographs.</subfield>
   </datafield>
   <datafield ind1=" " ind2="0" tag="651">
      <subfield code="a">Kodiak Island (Alaska)</subfield>
      <subfield code="v">Photographs.</subfield>
   </datafield>
   <datafield ind1=" " ind2="0" tag="651">
      <subfield code="a">Seward (Alaska)</subfield>
      <subfield code="v">Photographs.</subfield>
   </datafield>
   <datafield ind1=" " ind2="0" tag="651">
      <subfield code="a">Pavlof Bay (Alaska)</subfield>
      <subfield code="v">Photographs.</subfield>
   </datafield>
   <datafield ind1=" " ind2="0" tag="651">
      <subfield code="a">Alaska</subfield>
      <subfield code="v">Photographs.</subfield>
   </datafield>
   <datafield ind1=" " ind2="0" tag="651">
      <subfield code="a">Harriman Fiord (Alaska)</subfield>
      <subfield code="v">Photographs.</subfield>
   </datafield>
   <datafield ind1=" " ind2="0" tag="651">
      <subfield code="a">Glacier Bay (Alaska)</subfield>
      <subfield code="v">Photographs.</subfield>
   </datafield>
   <datafield ind1=" " ind2="7" tag="655">
      <subfield code="a">Photographs albums.</subfield>
      <subfield code="2">aat</subfield>
   </datafield>
   <datafield ind1="4" ind2="1" tag="856">
      <subfield code="z">View in Digital Library</subfield>
      <subfield code="u">http://arks.princeton.edu/ark:/88435/736665244</subfield>
   </datafield>
</record>