<record xmlns="http://www.loc.gov/MARC21/slim" xmlns:xsi="http://www.w3.org/2001/XMLSchema-instance">
   <leader>02501cpc a2200421 a 4500</leader>
   <controlfield tag="001">1177292</controlfield>
   <controlfield tag="005">20120905132519.0</controlfield>
   <controlfield tag="008">970701s1923    nju                 eng d</controlfield>
   <datafield ind1=" " ind2=" " tag="035">
      <subfield code="a">(OCoLC)80403831</subfield>
   </datafield>
   <datafield ind1=" " ind2=" " tag="035">
      <subfield code="a">(CStRLIN)NJPG97-A11</subfield>
   </datafield>
   <datafield ind1=" " ind2=" " tag="035">
      <subfield code="9">CCT0579TS</subfield>
   </datafield>
   <datafield ind1=" " ind2=" " tag="040">
      <subfield code="a">NjP</subfield>
      <subfield code="c">NjP</subfield>
      <subfield code="e">appm</subfield>
   </datafield>
   <datafield ind1="1" ind2=" " tag="100">
      <subfield code="a">Holliger, Charles Daniel,</subfield>
      <subfield code="d">b. 1883</subfield>
   </datafield>
   <datafield ind1="0" ind2="0" tag="245">
      <subfield code="a">Charles D. Holliger photograph album,</subfield>
      <subfield code="f">1923.</subfield>
   </datafield>
   <datafield ind1=" " ind2=" " tag="300">
      <subfield code="a">1 v. ;</subfield>
      <subfield code="c">28 x 36 cm.</subfield>
   </datafield>
   <datafield ind1="8" ind2=" " tag="520">
      <subfield code="a">Consists of an album of 196 silver gelatin photographs and 12 photographic postcards of scenes taken during a trip to see the Hopi Snake Dance at the pueblo at Walpi, Arizona, in August 1923. The prints measure 8 x 29.5 cm.; 8.5 x 17 cm.; 5.5 x 7.5 cm.; and 5.5 x 16.5 cm. Many of the larger prints have hand-written captions and dates on the verso.</subfield>
      <subfield code="b">90 prints feature the scenery of Arizona (the Mohave Desert, Sunset Crater, Painted Desert, Coal Canyon); 68 feature Hopi Indians, Hopi rites and ceremonies, Hopi villages, Hopi women and children, and Hopi dwellings at Walpi, Oraibi, and Shipaulovi; 27 feature touring scenes (picnics, hiking, camping, repairs to a Dodge automobile, and other scenes along the way); 11 feature a Hopi dance, most likely the Snake Dance, although they are not postcards and may have been taken illegally by the tour members. The "Snake Dance" photographic postcards contain images taken prior to the 1915 ban on photographing ceremonies. Laid-in newspaper clippings from the Stockton Daily Record in 1925 give an account of the journey from 18 to 29 August 1923.</subfield>
   </datafield>
   <datafield ind1=" " ind2=" " tag="541">
      <subfield code="a"/>
      <subfield code="c">Purchase,</subfield>
      <subfield code="d">1996.</subfield>
      <subfield code="e">WA 1996:77.</subfield>
   </datafield>
   <datafield ind1=" " ind2=" " tag="583">
      <subfield code="3">Photograph album</subfield>
      <subfield code="a">Cataloged</subfield>
      <subfield code="c">07/01/97</subfield>
      <subfield code="*">N</subfield>
   </datafield>
   <datafield ind1=" " ind2="0" tag="650">
      <subfield code="a">Hopi children.</subfield>
   </datafield>
   <datafield ind1=" " ind2="0" tag="650">
      <subfield code="a">Hopi Indians</subfield>
      <subfield code="x">Clothing.</subfield>
   </datafield>
   <datafield ind1=" " ind2="0" tag="650">
      <subfield code="a">Hopi dance.</subfield>
   </datafield>
   <datafield ind1=" " ind2="0" tag="650">
      <subfield code="a">Hopi Indians</subfield>
      <subfield code="x">Dwellings.</subfield>
   </datafield>
   <datafield ind1=" " ind2="0" tag="650">
      <subfield code="a">Hopi Indians</subfield>
      <subfield code="v">Photographs.</subfield>
   </datafield>
   <datafield ind1=" " ind2="0" tag="650">
      <subfield code="a">Automobile Travel</subfield>
      <subfield code="z">Arizona.</subfield>
   </datafield>
   <datafield ind1=" " ind2="0" tag="650">
      <subfield code="a">Hopi Indians</subfield>
      <subfield code="x">Rites and ceremonies.</subfield>
   </datafield>
   <datafield ind1=" " ind2="0" tag="650">
      <subfield code="a">Hopi Indians</subfield>
      <subfield code="x">Social life and customs.</subfield>
   </datafield>
   <datafield ind1=" " ind2="0" tag="650">
      <subfield code="a">Hopi women.</subfield>
   </datafield>
   <datafield ind1=" " ind2="0" tag="650">
      <subfield code="a">Pueblos</subfield>
      <subfield code="z">Arizona.</subfield>
   </datafield>
   <datafield ind1=" " ind2="0" tag="650">
      <subfield code="a">Snake dance.</subfield>
   </datafield>
   <datafield ind1=" " ind2="0" tag="651">
      <subfield code="a">Sunset Crater (Ariz.)</subfield>
      <subfield code="v">Photographs.</subfield>
   </datafield>
   <datafield ind1=" " ind2="0" tag="651">
      <subfield code="a">Painted Desert (Ariz.)</subfield>
      <subfield code="v">Photographs.</subfield>
   </datafield>
   <datafield ind1=" " ind2="0" tag="651">
      <subfield code="a">Walpi Mesa (Ariz.)</subfield>
      <subfield code="v">Photographs.</subfield>
   </datafield>
   <datafield ind1=" " ind2="7" tag="655">
      <subfield code="a">Photographic postcards</subfield>
      <subfield code="2">aat.</subfield>
   </datafield>
   <datafield ind1=" " ind2="7" tag="655">
      <subfield code="a">Photograph albums</subfield>
      <subfield code="2">aat.</subfield>
   </datafield>
   <datafield ind1="4" ind2="1" tag="856">
      <subfield code="z">View in Digital Library</subfield>
      <subfield code="u">http://arks.princeton.edu/ark:/88435/mc87pq99f</subfield>
   </datafield>
</record>