<record xmlns="http://www.loc.gov/MARC21/slim" xmlns:xsi="http://www.w3.org/2001/XMLSchema-instance">
   <leader>01026ckc a2200217 i 4500</leader>
   <controlfield tag="001">4572280</controlfield>
   <controlfield tag="005">20110915111328.0</controlfield>
   <controlfield tag="007">khobo</controlfield>
   <controlfield tag="008">050811s1902                            d</controlfield>
   <datafield ind1=" " ind2=" " tag="040">
      <subfield code="a">NjP</subfield>
      <subfield code="c">NjP</subfield>
      <subfield code="e">appm</subfield>
   </datafield>
   <datafield ind1="0" ind2="0" tag="245">
      <subfield code="a">Photograph album of cityscape views of El Paso, Texas,</subfield>
      <subfield code="f">1902.</subfield>
   </datafield>
   <datafield ind1=" " ind2=" " tag="300">
      <subfield code="a">1 v. ;</subfield>
      <subfield code="c">15 x 19 cm.</subfield>
   </datafield>
   <datafield ind1=" " ind2=" " tag="520">
      <subfield code="a">Contains 24 gelatin silver print photographs of views of El Paso, Texas, including store fronts, streets, private homes, markets, a bull ring (Plaza de Toro) and bridges over the Rio Grande.</subfield>
      <subfield code="b">Also includes several views of Ciudad Juárez and its city jail, the Guadaloupe church, and an international mule car.</subfield>
   </datafield>
   <datafield ind1=" " ind2="0" tag="650">
      <subfield code="a">Jails</subfield>
      <subfield code="z">Mexico</subfield>
      <subfield code="v">Photographs.</subfield>
   </datafield>
   <datafield ind1=" " ind2="0" tag="650">
      <subfield code="a">Bull Rings</subfield>
      <subfield code="v">Photographs.</subfield>
   </datafield>
   <datafield ind1=" " ind2="0" tag="651">
      <subfield code="a">Rio Grande</subfield>
      <subfield code="v">Photographs.</subfield>
   </datafield>
   <datafield ind1=" " ind2="0" tag="651">
      <subfield code="a">El Paso (Tex.)</subfield>
      <subfield code="v">Photographs.</subfield>
   </datafield>
   <datafield ind1=" " ind2="0" tag="651">
      <subfield code="a">Ciudad Juárez (Mexico)</subfield>
      <subfield code="v">Photographs.</subfield>
   </datafield>
   <datafield ind1=" " ind2="7" tag="655">
      <subfield code="a">Photograph albums.</subfield>
      <subfield code="2">aat.</subfield>
   </datafield>
   <datafield ind1="4" ind2="1" tag="856">
      <subfield code="z">View images in Digital Library</subfield>
      <subfield code="u">http://arks.princeton.edu/ark:/88435/3b5919303</subfield>
   </datafield>
</record>