<record xmlns="http://www.loc.gov/MARC21/slim" xmlns:xsi="http://www.w3.org/2001/XMLSchema-instance">
   <leader>01302ckcaa22002535a 4500</leader>
   <controlfield tag="001">6063895</controlfield>
   <controlfield tag="005">20110915111944.0</controlfield>
   <controlfield tag="008">100304 1897                      z eng d</controlfield>
   <datafield ind1=" " ind2=" " tag="040">
      <subfield code="a">NjP</subfield>
      <subfield code="c">NjP</subfield>
      <subfield code="e">appm</subfield>
   </datafield>
   <datafield ind1="0" ind2="0" tag="245">
      <subfield code="a">A. C. Vroman photograph album of California and Arizona views,</subfield>
      <subfield code="f">ca. 1897.</subfield>
   </datafield>
   <datafield ind1=" " ind2=" " tag="300">
      <subfield code="a">1</subfield>
      <subfield code="f">v. ;</subfield>
      <subfield code="c">19 x 28 cm.</subfield>
   </datafield>
   <datafield ind1=" " ind2=" " tag="520">
      <subfield code="a">Consists of 22 images of California missions and Arizona views by A. C. Vroman.</subfield>
      <subfield code="b">11 prints feature interior and exterior images of California missions, including San Luis Rey and San Juan Capistrano; 5 images feature views of and along California railroads, notably Mount Lowe Railroad; 4 images are of Arizona pueblos; and 2 prints are of petrified forests in Arizona.</subfield>
   </datafield>
   <datafield ind1=" " ind2=" " tag="541">
      <subfield code="e">AM 2010-91.</subfield>
   </datafield>
   <datafield ind1=" " ind2=" " tag="546">
      <subfield code="a">Captions in English.</subfield>
   </datafield>
   <datafield ind1="2" ind2=" " tag="610">
      <subfield code="a">Mount Lowe Railway</subfield>
      <subfield code="v">Photographs.</subfield>
   </datafield>
   <datafield ind1=" " ind2="0" tag="650">
      <subfield code="a">Missions</subfield>
      <subfield code="z">California</subfield>
      <subfield code="v">Photographs.</subfield>
   </datafield>
   <datafield ind1=" " ind2="0" tag="650">
      <subfield code="a">Pueblos</subfield>
      <subfield code="z">Arizona</subfield>
      <subfield code="v">Photographs.</subfield>
   </datafield>
   <datafield ind1=" " ind2="0" tag="651">
      <subfield code="a">Petrified Forest National Park (Ariz.)</subfield>
      <subfield code="v">Photographs.</subfield>
   </datafield>
   <datafield ind1=" " ind2="7" tag="655">
      <subfield code="a">Photograph albums</subfield>
      <subfield code="y">19th century.</subfield>
      <subfield code="2">aat</subfield>
   </datafield>
   <datafield ind1=" " ind2="7" tag="655">
      <subfield code="a">Platinum prints</subfield>
      <subfield code="y">19th century.</subfield>
      <subfield code="2">tgm</subfield>
   </datafield>
   <datafield ind1="1" ind2=" " tag="700">
      <subfield code="a">Vroman, A. C.</subfield>
      <subfield code="q">(Adam Clark),</subfield>
      <subfield code="d">1856-1916,</subfield>
      <subfield code="e">photographer.</subfield>
   </datafield>
   <datafield ind1="4" ind2="1" tag="856">
      <subfield code="z">View in Digital Library</subfield>
      <subfield code="u">http://arks.princeton.edu/ark:/88435/bv73c116z</subfield>
   </datafield>
</record>