<record xmlns="http://www.loc.gov/MARC21/slim" xmlns:xsi="http://www.w3.org/2001/XMLSchema-instance">
   <leader>01287cam a22003015a 4500</leader>
   <controlfield tag="001">4603661</controlfield>
   <controlfield tag="005">20120724092156.0</controlfield>
   <controlfield tag="008">051014s1461    gw            000 0 lat d</controlfield>
   <datafield ind1=" " ind2=" " tag="040">
      <subfield code="a">NjP</subfield>
      <subfield code="c">NjP</subfield>
   </datafield>
   <datafield ind1="2" ind2=" " tag="110">
      <subfield code="a">Catholic Church.</subfield>
      <subfield code="b">Pope (1458-1464 : Pius II).</subfield>
   </datafield>
   <datafield ind1="1" ind2="0" tag="240">
      <subfield code="a">Breve ad apostolicae dignitatis apicem</subfield>
   </datafield>
   <datafield ind1="1" ind2="0" tag="245">
      <subfield code="a">Brief addressed to Adolph, Count of Nassau, sanctioning his election to the see of Mainz.</subfield>
   </datafield>
   <datafield ind1=" " ind2=" " tag="260">
      <subfield code="a">[Mainz :</subfield>
      <subfield code="b">Fust &amp; Schöffer,</subfield>
      <subfield code="c">after 21 August 1461].</subfield>
   </datafield>
   <datafield ind1=" " ind2=" " tag="300">
      <subfield code="a">1 leaf ;</subfield>
      <subfield code="c">28 x 41.9 cm.</subfield>
   </datafield>
   <datafield ind1=" " ind2=" " tag="500">
      <subfield code="a">Title proper from Goff.</subfield>
   </datafield>
   <datafield ind1="4" ind2=" " tag="510">
      <subfield code="a">Goff</subfield>
      <subfield code="c">P-655.</subfield>
   </datafield>
   <datafield ind1=" " ind2=" " tag="561">
      <subfield code="a">WHS copy is Jacques Rosenthal and Estelle Doheny's copy, acquired 10/22/87 from Christie's thru HPK.</subfield>
      <subfield code="5">NjP</subfield>
   </datafield>
   <datafield ind1=" " ind2=" " tag="583">
      <subfield code="x">mlc</subfield>
   </datafield>
   <datafield ind1=" " ind2="0" tag="650">
      <subfield code="a">Briefs, Papal</subfield>
      <subfield code="v">Early works to 1800.</subfield>
   </datafield>
   <datafield ind1="0" ind2=" " tag="700">
      <subfield code="a">Pius</subfield>
      <subfield code="b">II,</subfield>
      <subfield code="c">Pope,</subfield>
      <subfield code="d">1405-1464.</subfield>
   </datafield>
   <datafield ind1="1" ind2=" " tag="700">
      <subfield code="a">Fust, Johannes,</subfield>
      <subfield code="d">1400-1466,</subfield>
      <subfield code="e">printer.</subfield>
      <subfield code="5">NjP</subfield>
   </datafield>
   <datafield ind1="1" ind2=" " tag="700">
      <subfield code="a">Schöffer, Peter,</subfield>
      <subfield code="d">ca. 1425-ca. 1502,</subfield>
      <subfield code="e">printer.</subfield>
      <subfield code="5">NjP</subfield>
   </datafield>
   <datafield ind1="2" ind2=" " tag="710">
      <subfield code="a">Jacques Rosenthal (Firm),</subfield>
      <subfield code="e">bookseller.</subfield>
      <subfield code="5">NjP</subfield>
   </datafield>
   <datafield ind1="1" ind2=" " tag="700">
      <subfield code="a">Doheny, Estelle,</subfield>
      <subfield code="d">1875-1958,</subfield>
      <subfield code="e">former owner.</subfield>
      <subfield code="5">NjP</subfield>
   </datafield>
   <datafield ind1="2" ind2=" " tag="710">
      <subfield code="a">Christie, Manson &amp; Woods International Inc.,</subfield>
      <subfield code="e">bookseller.</subfield>
      <subfield code="5">NjP</subfield>
   </datafield>
   <datafield ind1="2" ind2=" " tag="710">
      <subfield code="a">H.P. Kraus (Firm),</subfield>
      <subfield code="e">bookseller.</subfield>
      <subfield code="5">NjP</subfield>
   </datafield>
   <datafield ind1="4" ind2="1" tag="856">
      <subfield code="u">http://arks.princeton.edu/ark:/88435/rb68xb932</subfield>
   </datafield>
</record>