<record xmlns="http://www.loc.gov/MARC21/slim" xmlns:xsi="http://www.w3.org/2001/XMLSchema-instance">
   <leader>01165cam a22003135a 4500</leader>
   <controlfield tag="001">4606051</controlfield>
   <controlfield tag="005">20120724092314.0</controlfield>
   <controlfield tag="008">051019s1456    gw            000 0 lat d</controlfield>
   <datafield ind1=" " ind2=" " tag="040">
      <subfield code="a">NjP</subfield>
      <subfield code="c">NjP</subfield>
   </datafield>
   <datafield ind1="2" ind2=" " tag="110">
      <subfield code="a">Catholic Church.</subfield>
      <subfield code="b">Pope (1455-1458 : Callistus III).</subfield>
   </datafield>
   <datafield ind1="1" ind2="0" tag="245">
      <subfield code="a">Bulla Turcorum.</subfield>
   </datafield>
   <datafield ind1="1" ind2="3" tag="246">
      <subfield code="a">Calixtus bull.</subfield>
   </datafield>
   <datafield ind1="1" ind2="3" tag="246">
      <subfield code="a">Callistus bull.</subfield>
   </datafield>
   <datafield ind1="1" ind2="3" tag="246">
      <subfield code="a">Türkenbulle.</subfield>
   </datafield>
   <datafield ind1=" " ind2=" " tag="260">
      <subfield code="a">[Mainz :</subfield>
      <subfield code="b">Printer with the DK Types (Johann Gutenberg),</subfield>
      <subfield code="c">1456].</subfield>
   </datafield>
   <datafield ind1=" " ind2=" " tag="300">
      <subfield code="a">12 leaves ;</subfield>
      <subfield code="c">20 x 14.6 cm.</subfield>
   </datafield>
   <datafield ind1=" " ind2=" " tag="500">
      <subfield code="a">Commonly known as Calixtus bull or Türkenbulle.</subfield>
   </datafield>
   <datafield ind1=" " ind2=" " tag="500">
      <subfield code="a">19 lines. Type: 164G.</subfield>
   </datafield>
   <datafield ind1=" " ind2=" " tag="500">
      <subfield code="a">Bulla 29 June 1456 "Cum his superioribus annis impius nominis Christiani persecutor Turcorum tyrannis".</subfield>
   </datafield>
   <datafield ind1="4" ind2=" " tag="510">
      <subfield code="a">Stillwell, M.B. Beginning,</subfield>
      <subfield code="c">14.</subfield>
   </datafield>
   <datafield ind1="4" ind2=" " tag="510">
      <subfield code="a">Goff</subfield>
      <subfield code="c">C-60.</subfield>
   </datafield>
   <datafield ind1=" " ind2=" " tag="561">
      <subfield code="a">WHS copy acquired 5/22/39 from Maggs.</subfield>
      <subfield code="5">NjP</subfield>
   </datafield>
   <datafield ind1=" " ind2=" " tag="583">
      <subfield code="x">mlc</subfield>
   </datafield>
   <datafield ind1=" " ind2="0" tag="650">
      <subfield code="a">Bulls, Papal</subfield>
      <subfield code="v">Early works to 1800.</subfield>
   </datafield>
   <datafield ind1="0" ind2=" " tag="700">
      <subfield code="a">Callistus</subfield>
      <subfield code="b">III,</subfield>
      <subfield code="c">Pope,</subfield>
      <subfield code="d">1378-1458.</subfield>
   </datafield>
   <datafield ind1="1" ind2=" " tag="700">
      <subfield code="a">Gutenberg, Johann,</subfield>
      <subfield code="d">1397?-1468,</subfield>
      <subfield code="e">printer.</subfield>
   </datafield>
   <datafield ind1="2" ind2=" " tag="710">
      <subfield code="a">Maggs Bros.,</subfield>
      <subfield code="e">bookseller.</subfield>
      <subfield code="5">NjP</subfield>
   </datafield>
   <datafield ind1="4" ind2="1" tag="856">
      <subfield code="u">http://arks.princeton.edu/ark:/88435/0v8380652</subfield>
   </datafield>
</record>