<record xmlns="http://www.loc.gov/MARC21/slim" xmlns:xsi="http://www.w3.org/2001/XMLSchema-instance">
   <leader>01002cam a22002535a 4500</leader>
   <controlfield tag="001">4606209</controlfield>
   <controlfield tag="005">20120724090832.0</controlfield>
   <controlfield tag="008">051019q14541457gw            000 0 lat d</controlfield>
   <datafield ind1=" " ind2=" " tag="040">
      <subfield code="a">NjP</subfield>
      <subfield code="c">NjP</subfield>
   </datafield>
   <datafield ind1="1" ind2=" " tag="100">
      <subfield code="a">Donatus, Aelius.</subfield>
   </datafield>
   <datafield ind1="1" ind2="0" tag="245">
      <subfield code="a">Ars minor [fragment].</subfield>
   </datafield>
   <datafield ind1=" " ind2=" " tag="260">
      <subfield code="a">[Mainz :</subfield>
      <subfield code="b">Type of the 36-line Bible (early state),</subfield>
      <subfield code="c">ca. 1454-1457].</subfield>
   </datafield>
   <datafield ind1=" " ind2=" " tag="300">
      <subfield code="a">2 leaves ;</subfield>
      <subfield code="c">25.5 x 17.3 cm.</subfield>
   </datafield>
   <datafield ind1=" " ind2=" " tag="500">
      <subfield code="a">WHS fragment is 2 leaves (6.9) on vellum of a 27-line edition; Schwenke 17,34-21,12; 27,4-28,45. Rubricated.</subfield>
   </datafield>
   <datafield ind1="4" ind2=" " tag="510">
      <subfield code="a">GW</subfield>
      <subfield code="c">8682.</subfield>
   </datafield>
   <datafield ind1="4" ind2=" " tag="510">
      <subfield code="a">Goff</subfield>
      <subfield code="c">D-315.</subfield>
   </datafield>
   <datafield ind1=" " ind2=" " tag="561">
      <subfield code="a">WHS fragment acquired 11/15/63 from Maggs; formerly owned by Sir Arthur Howard (Wappingthorp, Sussex).</subfield>
      <subfield code="5">NjP</subfield>
   </datafield>
   <datafield ind1=" " ind2=" " tag="583">
      <subfield code="x">mlc</subfield>
   </datafield>
   <datafield ind1=" " ind2="0" tag="650">
      <subfield code="a">Latin language</subfield>
      <subfield code="x">Grammar</subfield>
      <subfield code="v">Early works to 1500.</subfield>
   </datafield>
   <datafield ind1=" " ind2="0" tag="650">
      <subfield code="a">Type and type-founding</subfield>
      <subfield code="x">Specimens.</subfield>
   </datafield>
   <datafield ind1="1" ind2=" " tag="700">
      <subfield code="a">Howard, Arthur,</subfield>
      <subfield code="c">Sir,</subfield>
      <subfield code="e">former owner.</subfield>
      <subfield code="5">NjP</subfield>
   </datafield>
   <datafield ind1="2" ind2=" " tag="710">
      <subfield code="a">Maggs Bros.,</subfield>
      <subfield code="e">bookseller.</subfield>
      <subfield code="5">NjP</subfield>
   </datafield>
   <datafield ind1="4" ind2="1" tag="856">
      <subfield code="u">http://arks.princeton.edu/ark:/88435/8c97kq49z</subfield>
   </datafield>
</record>