<record xmlns="http://www.loc.gov/MARC21/slim" xmlns:xsi="http://www.w3.org/2001/XMLSchema-instance">
   <leader>00884cam a22002535a 4500</leader>
   <controlfield tag="001">4606221</controlfield>
   <controlfield tag="005">20120724092513.0</controlfield>
   <controlfield tag="008">051019s1455    gw            000 0 lat d</controlfield>
   <datafield ind1=" " ind2=" " tag="040">
      <subfield code="a">NjP</subfield>
      <subfield code="c">NjP</subfield>
   </datafield>
   <datafield ind1="2" ind2=" " tag="110">
      <subfield code="a">Catholic Church.</subfield>
      <subfield code="b">Pope (1447-1455 : Nicholas V).</subfield>
   </datafield>
   <datafield ind1="1" ind2="0" tag="245">
      <subfield code="a">Indulgentia.</subfield>
   </datafield>
   <datafield ind1=" " ind2=" " tag="260">
      <subfield code="a">[Mainz :</subfield>
      <subfield code="b">Printer of the 31-line Indulgence],</subfield>
      <subfield code="c">1455.</subfield>
   </datafield>
   <datafield ind1=" " ind2=" " tag="300">
      <subfield code="a">1 leaf ;</subfield>
      <subfield code="c">21 x 26 cm.</subfield>
   </datafield>
   <datafield ind1=" " ind2=" " tag="500">
      <subfield code="a">Printed on vellum.</subfield>
   </datafield>
   <datafield ind1="4" ind2=" " tag="510">
      <subfield code="a">Goff</subfield>
      <subfield code="c">N-48.</subfield>
   </datafield>
   <datafield ind1="4" ind2=" " tag="561">
      <subfield code="a">WHS copy is ex-library copy: Heidelberg University.</subfield>
      <subfield code="5">NjP</subfield>
   </datafield>
   <datafield ind1=" " ind2=" " tag="561">
      <subfield code="a">WHS copy acquired 11/8/33 from Maggs.</subfield>
      <subfield code="5">NjP</subfield>
   </datafield>
   <datafield ind1=" " ind2=" " tag="583">
      <subfield code="x">mlc</subfield>
   </datafield>
   <datafield ind1=" " ind2="0" tag="650">
      <subfield code="a">Indulgences</subfield>
      <subfield code="v">Early works to 1800.</subfield>
   </datafield>
   <datafield ind1="0" ind2=" " tag="700">
      <subfield code="a">Nicholas</subfield>
      <subfield code="b">V,</subfield>
      <subfield code="c">Pope,</subfield>
      <subfield code="d">1397-1455.</subfield>
   </datafield>
   <datafield ind1="2" ind2=" " tag="710">
      <subfield code="a">Universität Heidelberg,</subfield>
      <subfield code="e">former owner.</subfield>
      <subfield code="5">NjP</subfield>
   </datafield>
   <datafield ind1="2" ind2=" " tag="710">
      <subfield code="a">Maggs Bros.,</subfield>
      <subfield code="e">bookseller.</subfield>
      <subfield code="5">NjP</subfield>
   </datafield>
   <datafield ind1="4" ind2="1" tag="856">
      <subfield code="u">http://arks.princeton.edu/ark:/88435/d217qp581</subfield>
   </datafield>
</record>