<record xmlns="http://www.loc.gov/MARC21/slim" xmlns:xsi="http://www.w3.org/2001/XMLSchema-instance">
   <leader>00944cam a22002295a 4500</leader>
   <controlfield tag="001">4606238</controlfield>
   <controlfield tag="005">20120724092003.0</controlfield>
   <controlfield tag="008">051019s1471    gw            000 0 lat d</controlfield>
   <datafield ind1=" " ind2=" " tag="040">
      <subfield code="a">NjP</subfield>
      <subfield code="c">NjP</subfield>
   </datafield>
   <datafield ind1="0" ind2=" " tag="130">
      <subfield code="a">Biblia pauperum.</subfield>
      <subfield code="l">German.</subfield>
   </datafield>
   <datafield ind1="1" ind2="0" tag="245">
      <subfield code="a">Biblia pauperum.</subfield>
   </datafield>
   <datafield ind1=" " ind2=" " tag="260">
      <subfield code="a">[Bamberg, Germany? :</subfield>
      <subfield code="b">Hans Spoerer],</subfield>
      <subfield code="c">1471.</subfield>
   </datafield>
   <datafield ind1=" " ind2=" " tag="300">
      <subfield code="a">40 leaves ;</subfield>
      <subfield code="c">28.2 x 37.6 cm.</subfield>
   </datafield>
   <datafield ind1="4" ind2=" " tag="510">
      <subfield code="a">Schreiber. Manuel de l'amateur de la gravure sur bois,</subfield>
      <subfield code="c">IV, 2nd German ed., Var. C.</subfield>
   </datafield>
   <datafield ind1=" " ind2=" " tag="561">
      <subfield code="a">WHS copy, formerly owned by the Ducal Library at Meiningen and the Cistercian Monastery at Heilbrun [i.e. Heilbronn?], acquired 9/18/33 from Quaritch.</subfield>
      <subfield code="5">NjP</subfield>
   </datafield>
   <datafield ind1=" " ind2=" " tag="583">
      <subfield code="x">mlc</subfield>
   </datafield>
   <datafield ind1="0" ind2=" " tag="630">
      <subfield code="a">Bible</subfield>
      <subfield code="v">Picture Bibles</subfield>
      <subfield code="v">Early works to 1800.</subfield>
   </datafield>
   <datafield ind1=" " ind2="0" tag="650">
      <subfield code="a">Block books</subfield>
      <subfield code="v">Early works to 1800.</subfield>
   </datafield>
   <datafield ind1="1" ind2=" " tag="700">
      <subfield code="a">Spoerer, Hans,</subfield>
      <subfield code="e">printer.</subfield>
   </datafield>
   <datafield ind1="2" ind2=" " tag="710">
      <subfield code="a">Bernard Quaritch (Firm),</subfield>
      <subfield code="e">bookseller.</subfield>
      <subfield code="5">NjP</subfield>
   </datafield>
   <datafield ind1="4" ind2="1" tag="856">
      <subfield code="u">http://arks.princeton.edu/ark:/88435/ht24wj49c</subfield>
   </datafield>
</record>