<record xmlns="http://www.loc.gov/MARC21/slim" xmlns:xsi="http://www.w3.org/2001/XMLSchema-instance">
   <leader>01886cam a22003855a 4500</leader>
   <controlfield tag="001">4609321</controlfield>
   <controlfield tag="005">20120724092440.0</controlfield>
   <controlfield tag="008">051027s1456    gw            000 0 lat d</controlfield>
   <datafield ind1=" " ind2=" " tag="040">
      <subfield code="a">NjP</subfield>
      <subfield code="c">NjP</subfield>
   </datafield>
   <datafield ind1="1" ind2=" " tag="041">
      <subfield code="a">lat</subfield>
      <subfield code="h">hebgrc</subfield>
   </datafield>
   <datafield ind1="0" ind2=" " tag="130">
      <subfield code="a">Bible.</subfield>
      <subfield code="l">Latin.</subfield>
      <subfield code="s">Vulgate.</subfield>
      <subfield code="f">1456.</subfield>
   </datafield>
   <datafield ind1="1" ind2="0" tag="245">
      <subfield code="a">Biblia Latina.</subfield>
   </datafield>
   <datafield ind1="1" ind2="3" tag="246">
      <subfield code="a">Gutenberg Bible</subfield>
   </datafield>
   <datafield ind1="1" ind2="3" tag="246">
      <subfield code="a">Mazarin Bible</subfield>
   </datafield>
   <datafield ind1="1" ind2="3" tag="246">
      <subfield code="a">Mazarine Bible</subfield>
   </datafield>
   <datafield ind1=" " ind2=" " tag="260">
      <subfield code="a">[Mainz :</subfield>
      <subfield code="b">Johann Gutenberg and Johann Fust,</subfield>
      <subfield code="c">before August 1456].</subfield>
   </datafield>
   <datafield ind1=" " ind2=" " tag="300">
      <subfield code="a">2 v. (324; 319 leaves) ;</subfield>
      <subfield code="c">40.5 x 28.8 cm. (fol.)</subfield>
   </datafield>
   <datafield ind1=" " ind2=" " tag="500">
      <subfield code="a">Commonly known in English as Gutenberg Bible, formerly known as Mazarin or Mazarine Bible.</subfield>
   </datafield>
   <datafield ind1="4" ind2=" " tag="510">
      <subfield code="a">Stillwell</subfield>
      <subfield code="c">B460.</subfield>
   </datafield>
   <datafield ind1="4" ind2=" " tag="510">
      <subfield code="a">Goff</subfield>
      <subfield code="c">B-526.</subfield>
   </datafield>
   <datafield ind1=" " ind2=" " tag="500">
      <subfield code="a">WHS copy has 12 leaves supplied from other copies and 5 leaves supplied in facsimile; the 17 leaves are vol. I fo. 1 and vol. II fo. 1, 17, 25, 46, 70, 149, 155, 156, 191, 217, 235, 268, 270, 275, 279, and 305.</subfield>
      <subfield code="5">NjP</subfield>
   </datafield>
   <datafield ind1=" " ind2=" " tag="500">
      <subfield code="a">WHS also has fragment ([1] leaf ; 32.7 x 21 cm.) from Ezekiel ch. 34.</subfield>
      <subfield code="5">NjP</subfield>
   </datafield>
   <datafield ind1=" " ind2=" " tag="561">
      <subfield code="a">WHS copy has provenance: Predigerkirche, Erfurt, Germany; George Brinley; Brayton Ives; Hamilton Cole; and James W. Ellsworth.</subfield>
      <subfield code="5">NjP</subfield>
   </datafield>
   <datafield ind1=" " ind2=" " tag="563">
      <subfield code="a">WHS copy is apparently one of three copies bound by Johannes Fogel of Erfurt.</subfield>
      <subfield code="5">NjP</subfield>
   </datafield>
   <datafield ind1=" " ind2=" " tag="583">
      <subfield code="x">mlc</subfield>
   </datafield>
   <datafield ind1="1" ind2=" " tag="700">
      <subfield code="a">Gutenberg, Johann,</subfield>
      <subfield code="d">1397?-1468,</subfield>
      <subfield code="e">printer.</subfield>
   </datafield>
   <datafield ind1="1" ind2=" " tag="700">
      <subfield code="a">Fogel, Johannes,</subfield>
      <subfield code="d">fl. 1455-1462,</subfield>
      <subfield code="e">binder.</subfield>
      <subfield code="5">NjP</subfield>
   </datafield>
   <datafield ind1="2" ind2=" " tag="710">
      <subfield code="a">Predigerkirche (Erfurt, Germany),</subfield>
      <subfield code="e">former owner.</subfield>
      <subfield code="5">NjP</subfield>
   </datafield>
   <datafield ind1="1" ind2=" " tag="700">
      <subfield code="a">Brinley, George,</subfield>
      <subfield code="d">1817-1875,</subfield>
      <subfield code="e">former owner.</subfield>
      <subfield code="5">NjP</subfield>
   </datafield>
   <datafield ind1="1" ind2=" " tag="700">
      <subfield code="a">Ives, Brayton,</subfield>
      <subfield code="d">1840-1914,</subfield>
      <subfield code="e">former owner.</subfield>
      <subfield code="5">NjP</subfield>
   </datafield>
   <datafield ind1="1" ind2=" " tag="700">
      <subfield code="a">Cole, Hamilton,</subfield>
      <subfield code="e">former owner.</subfield>
      <subfield code="5">NjP</subfield>
   </datafield>
   <datafield ind1="1" ind2=" " tag="700">
      <subfield code="a">Ellsworth, James W.</subfield>
      <subfield code="q">(James William),</subfield>
      <subfield code="d">1849-1925</subfield>
      <subfield code="e">former owner.</subfield>
      <subfield code="5">NjP</subfield>
   </datafield>
   <datafield ind1="4" ind2="1" tag="856">
      <subfield code="u">http://arks.princeton.edu/ark:/88435/7d278t10z</subfield>
   </datafield>
   <datafield ind1="4" ind2="1" tag="856">
      <subfield code="u">http://arks.princeton.edu/ark:/88435/xp68kg247</subfield>
   </datafield>
</record>