<record xmlns="http://www.loc.gov/MARC21/slim" xmlns:xsi="http://www.w3.org/2001/XMLSchema-instance">
   <leader>01647cam a22003495a 4500</leader>
   <controlfield tag="001">4609990</controlfield>
   <controlfield tag="005">20120724091850.0</controlfield>
   <controlfield tag="008">051028s1462    gw            000 0 lat d</controlfield>
   <datafield ind1=" " ind2=" " tag="040">
      <subfield code="a">NjP</subfield>
      <subfield code="c">NjP</subfield>
   </datafield>
   <datafield ind1="0" ind2=" " tag="130">
      <subfield code="a">Bible.</subfield>
      <subfield code="l">Latin.</subfield>
      <subfield code="s">Vulgate.</subfield>
      <subfield code="f">1462.</subfield>
   </datafield>
   <datafield ind1="1" ind2="0" tag="245">
      <subfield code="a">Biblia Latina.</subfield>
   </datafield>
   <datafield ind1=" " ind2=" " tag="260">
      <subfield code="a">Mainz :</subfield>
      <subfield code="b">Johannes Fust and Peter Schöffer,</subfield>
      <subfield code="c">14 Aug. 1462.</subfield>
   </datafield>
   <datafield ind1=" " ind2=" " tag="300">
      <subfield code="a">2 v. (242; 239 leaves) ;</subfield>
      <subfield code="c">41 x 30 cm.</subfield>
   </datafield>
   <datafield ind1="4" ind2=" " tag="510">
      <subfield code="a">Stillwell</subfield>
      <subfield code="c">B463.</subfield>
   </datafield>
   <datafield ind1="4" ind2=" " tag="510">
      <subfield code="a">Goff</subfield>
      <subfield code="c">B-529.</subfield>
   </datafield>
   <datafield ind1="4" ind2=" " tag="510">
      <subfield code="a">HC 3050*; DeR(M) 79; BMC I 22; BSB-Ink B-410; GW 4204.</subfield>
   </datafield>
   <datafield ind1=" " ind2=" " tag="500">
      <subfield code="a">WHS copy is printed on parchment.</subfield>
   </datafield>
   <datafield ind1=" " ind2=" " tag="500">
      <subfield code="a">WHS also has fragment ([6] leaves ; 40 x 29 cm.) printed on paper; text is John I:31-XIII:4.</subfield>
      <subfield code="5">NjP</subfield>
   </datafield>
   <datafield ind1=" " ind2=" " tag="500">
      <subfield code="a">Ex also has fragment ([1] leaf ; 40 x 30 cm.) printed on paper; text is II Kings XXI:5-XXII:42.</subfield>
      <subfield code="5">NjP</subfield>
   </datafield>
   <datafield ind1=" " ind2=" " tag="561">
      <subfield code="a">WHS copy has provenance: Duke of Cassano, Lord Spencer, Duke of Sussex, Sir George Holford.</subfield>
      <subfield code="5">NjP</subfield>
   </datafield>
   <datafield ind1=" " ind2=" " tag="500">
      <subfield code="a">WHS copy bound for Duke of Sussex by Charles Lewis.</subfield>
      <subfield code="5">NjP</subfield>
   </datafield>
   <datafield ind1=" " ind2=" " tag="583">
      <subfield code="x">mlc</subfield>
   </datafield>
   <datafield ind1="1" ind2=" " tag="700">
      <subfield code="a">Fust, Johannes,</subfield>
      <subfield code="d">1400-1466,</subfield>
      <subfield code="e">printer.</subfield>
   </datafield>
   <datafield ind1="1" ind2=" " tag="700">
      <subfield code="a">Schöffer, Peter,</subfield>
      <subfield code="d">ca. 1425-ca. 1502,</subfield>
      <subfield code="e">printer.</subfield>
   </datafield>
   <datafield ind1="1" ind2=" " tag="700">
      <subfield code="a">Cassano Serra,</subfield>
      <subfield code="c">duca di,</subfield>
      <subfield code="e">former owner.</subfield>
      <subfield code="5">NjP</subfield>
   </datafield>
   <datafield ind1="1" ind2=" " tag="700">
      <subfield code="a">Spencer, George John Spencer,</subfield>
      <subfield code="c">Earl,</subfield>
      <subfield code="d">1758-1834,</subfield>
      <subfield code="e">former owner.</subfield>
      <subfield code="5">NjP</subfield>
   </datafield>
   <datafield ind1="0" ind2=" " tag="700">
      <subfield code="a">Augustus Frederick,</subfield>
      <subfield code="c">Prince, Duke of Sussex,</subfield>
      <subfield code="d">1773-1843</subfield>
      <subfield code="e">former owner.</subfield>
      <subfield code="5">NjP</subfield>
   </datafield>
   <datafield ind1="1" ind2=" " tag="700">
      <subfield code="a">Holford, George Lindsay,</subfield>
      <subfield code="c">Sir,</subfield>
      <subfield code="d">1860-1926,</subfield>
      <subfield code="e">former owner.</subfield>
      <subfield code="5">NjP</subfield>
   </datafield>
   <datafield ind1="1" ind2=" " tag="700">
      <subfield code="a">Lewis, Charles,</subfield>
      <subfield code="d">1786-1836,</subfield>
      <subfield code="e">binder.</subfield>
      <subfield code="5">NjP</subfield>
   </datafield>
   <datafield ind1="4" ind2="1" tag="856">
      <subfield code="u">http://arks.princeton.edu/ark:/88435/gt54kn106</subfield>
   </datafield>
   <datafield ind1="4" ind2="1" tag="856">
      <subfield code="u">http://arks.princeton.edu/ark:/88435/c534fp01j</subfield>
   </datafield>
</record>