<record xmlns="http://www.loc.gov/MARC21/slim" xmlns:xsi="http://www.w3.org/2001/XMLSchema-instance">
   <leader>00990cam a22002535a 4500</leader>
   <controlfield tag="001">4612596</controlfield>
   <controlfield tag="005">20120724091129.0</controlfield>
   <controlfield tag="008">051103q14651480ne            000 0 lat d</controlfield>
   <datafield ind1=" " ind2=" " tag="040">
      <subfield code="a">NjP</subfield>
      <subfield code="c">NjP</subfield>
   </datafield>
   <datafield ind1="1" ind2=" " tag="100">
      <subfield code="a">Donatus, Aelius.</subfield>
   </datafield>
   <datafield ind1="1" ind2="0" tag="245">
      <subfield code="a">Ars minor [fragment].</subfield>
   </datafield>
   <datafield ind1=" " ind2=" " tag="260">
      <subfield code="a">[Netherlands :</subfield>
      <subfield code="b">Prototypography,</subfield>
      <subfield code="c">about 1465-1480].</subfield>
   </datafield>
   <datafield ind1=" " ind2=" " tag="300">
      <subfield code="a">2 partial leaves ;</subfield>
      <subfield code="c">20 x 14.8 cm.</subfield>
   </datafield>
   <datafield ind1=" " ind2=" " tag="500">
      <subfield code="a">WHS fragment is parts of 2 leaves (ff. 2.7, Schwenke 6,1-9,6; 10,2-12,5; 22,1-23,21; 24,2-36) of a 27-line edition; vellum; Type 5.</subfield>
   </datafield>
   <datafield ind1="4" ind2=" " tag="510">
      <subfield code="a">GW</subfield>
      <subfield code="c">8749/10.</subfield>
   </datafield>
   <datafield ind1="4" ind2=" " tag="510">
      <subfield code="a">Goff</subfield>
      <subfield code="c">D-322a.</subfield>
   </datafield>
   <datafield ind1=" " ind2=" " tag="561">
      <subfield code="a">WHS fragment acquired 8/24/38 from Maggs; formerly owned by J. E. Hodgkin.</subfield>
      <subfield code="5">NjP</subfield>
   </datafield>
   <datafield ind1=" " ind2=" " tag="583">
      <subfield code="x">mlc</subfield>
   </datafield>
   <datafield ind1=" " ind2="0" tag="650">
      <subfield code="a">Latin language</subfield>
      <subfield code="x">Grammar</subfield>
      <subfield code="v">Early works to 1500.</subfield>
   </datafield>
   <datafield ind1=" " ind2="0" tag="650">
      <subfield code="a">Type and type-founding</subfield>
      <subfield code="x">Specimens.</subfield>
   </datafield>
   <datafield ind1="1" ind2=" " tag="700">
      <subfield code="a">Hodgkin, John Eliot,</subfield>
      <subfield code="e">former owner.</subfield>
      <subfield code="5">NjP</subfield>
   </datafield>
   <datafield ind1="2" ind2=" " tag="710">
      <subfield code="a">Maggs Bros.,</subfield>
      <subfield code="e">bookseller.</subfield>
      <subfield code="5">NjP</subfield>
   </datafield>
   <datafield ind1="4" ind2="1" tag="856">
      <subfield code="u">http://arks.princeton.edu/ark:/88435/5m60qr98h</subfield>
   </datafield>
</record>