<record xmlns="http://www.loc.gov/MARC21/slim" xmlns:xsi="http://www.w3.org/2001/XMLSchema-instance">
   <leader>01109cam a22002535a 4500</leader>
   <controlfield tag="001">4691825</controlfield>
   <controlfield tag="005">20120724092549.0</controlfield>
   <controlfield tag="008">060327q14621463it a          000 0 ita d</controlfield>
   <datafield ind1=" " ind2=" " tag="040">
      <subfield code="a">NjP</subfield>
      <subfield code="c">NjP</subfield>
   </datafield>
   <datafield ind1="0" ind2=" " tag="130">
      <subfield code="a">Leiden Christi.</subfield>
      <subfield code="l">Italian.</subfield>
   </datafield>
   <datafield ind1="1" ind2="0" tag="245">
      <subfield code="a">Passione di Cristo.</subfield>
   </datafield>
   <datafield ind1=" " ind2=" " tag="260">
      <subfield code="a">[Northern Italy (near Bologna or Ferrara?) :</subfield>
      <subfield code="c">Ulrich Han?,</subfield>
      <subfield code="c">ca. 1462-1463].</subfield>
   </datafield>
   <datafield ind1=" " ind2=" " tag="300">
      <subfield code="a">1 v. :</subfield>
      <subfield code="b">ill. (woodcuts) ;</subfield>
      <subfield code="c">13.5 x 10.5 cm. (Chancery 8vo, quarter-sheets)</subfield>
   </datafield>
   <datafield ind1="4" ind2=" " tag="510">
      <subfield code="a">Goff</subfield>
      <subfield code="c">P-147.</subfield>
   </datafield>
   <datafield ind1=" " ind2=" " tag="561">
      <subfield code="a">WHS copy has provenance: Jacques Rosenthal, Munich, 1925; Edward Alexander Parsons; acquired 23 November 1998 from Christie's London, lot 18, via H. P. Kraus.</subfield>
      <subfield code="5">NjP</subfield>
   </datafield>
   <datafield ind1=" " ind2=" " tag="583">
      <subfield code="x">mlc</subfield>
   </datafield>
   <datafield ind1="0" ind2="0" tag="600">
      <subfield code="a">Jesus Christ</subfield>
      <subfield code="x">Passion</subfield>
      <subfield code="v">Early works to 1800.</subfield>
   </datafield>
   <datafield ind1="1" ind2=" " tag="700">
      <subfield code="a">Han, Ulrich,</subfield>
      <subfield code="d">d. 1480,</subfield>
      <subfield code="e">printer?</subfield>
   </datafield>
   <datafield ind1="1" ind2=" " tag="700">
      <subfield code="a">Parsons, Edward Alexander,</subfield>
      <subfield code="d">1878-1962,</subfield>
      <subfield code="e">former owner.</subfield>
      <subfield code="5">NjP</subfield>
   </datafield>
   <datafield ind1="2" ind2=" " tag="710">
      <subfield code="a">Jacques Rosenthal (Firm),</subfield>
      <subfield code="e">former owner.</subfield>
      <subfield code="5">NjP</subfield>
   </datafield>
   <datafield ind1="2" ind2=" " tag="710">
      <subfield code="a">Christie, Manson &amp; Woods,</subfield>
      <subfield code="e">bookseller.</subfield>
      <subfield code="5">NjP</subfield>
   </datafield>
   <datafield ind1="2" ind2=" " tag="710">
      <subfield code="a">H.P. Kraus (Firm),</subfield>
      <subfield code="e">bookseller.</subfield>
      <subfield code="5">NjP</subfield>
   </datafield>
   <datafield ind1="4" ind2="1" tag="856">
      <subfield code="u">http://arks.princeton.edu/ark:/88435/9880vr06v</subfield>
   </datafield>
</record>