<record xmlns="http://www.loc.gov/MARC21/slim" xmlns:xsi="http://www.w3.org/2001/XMLSchema-instance">
   <leader>01035cam a22003015a 4500</leader>
   <controlfield tag="001">4691921</controlfield>
   <controlfield tag="005">20120724090445.0</controlfield>
   <controlfield tag="008">060327s1471    gw            000 0 lat d</controlfield>
   <datafield ind1=" " ind2=" " tag="040">
      <subfield code="a">NjP</subfield>
      <subfield code="c">NjP</subfield>
   </datafield>
   <datafield ind1="0" ind2="0" tag="245">
      <subfield code="a">[Almanac for 1472 :</subfield>
      <subfield code="b">blood-letting calendar].</subfield>
   </datafield>
   <datafield ind1="3" ind2="0" tag="246">
      <subfield code="a">Blood-letting calendar.</subfield>
   </datafield>
   <datafield ind1="1" ind2="3" tag="246">
      <subfield code="a">Aderlasskalender.</subfield>
   </datafield>
   <datafield ind1="1" ind2="3" tag="246">
      <subfield code="a">Laxierkalender.</subfield>
   </datafield>
   <datafield ind1=" " ind2=" " tag="260">
      <subfield code="a">Augsburg :</subfield>
      <subfield code="b">Günther Zainer,</subfield>
      <subfield code="c">[1471? for] 1472.</subfield>
   </datafield>
   <datafield ind1=" " ind2=" " tag="300">
      <subfield code="a">1 broadside ;</subfield>
      <subfield code="c">43 x 29.4 cm. (Chancery sheet)</subfield>
   </datafield>
   <datafield ind1=" " ind2=" " tag="500">
      <subfield code="a">Text in Latin.</subfield>
   </datafield>
   <datafield ind1=" " ind2=" " tag="500">
      <subfield code="a">Related words: Aderlasskalender, Laxierkalender.</subfield>
   </datafield>
   <datafield ind1="4" ind2=" " tag="510">
      <subfield code="a">C</subfield>
      <subfield code="c">2170.</subfield>
   </datafield>
   <datafield ind1="4" ind2=" " tag="510">
      <subfield code="a">BMC</subfield>
      <subfield code="c">II 316 (IC.5430).</subfield>
   </datafield>
   <datafield ind1="4" ind2=" " tag="510">
      <subfield code="a">GW</subfield>
      <subfield code="c">1293.</subfield>
   </datafield>
   <datafield ind1="4" ind2=" " tag="510">
      <subfield code="a">Einblattdrucke</subfield>
      <subfield code="c">119.</subfield>
   </datafield>
   <datafield ind1=" " ind2=" " tag="561">
      <subfield code="a">WHS copy acquired April 1998 from H. P. Kraus.</subfield>
      <subfield code="5">NjP</subfield>
   </datafield>
   <datafield ind1=" " ind2=" " tag="583">
      <subfield code="x">mlc</subfield>
   </datafield>
   <datafield ind1=" " ind2="0" tag="650">
      <subfield code="a">Phlebotomy</subfield>
      <subfield code="v">Calendars</subfield>
      <subfield code="v">Early works to 1800.</subfield>
   </datafield>
   <datafield ind1="1" ind2=" " tag="700">
      <subfield code="a">Zainer, Günther,</subfield>
      <subfield code="d">d. 1478,</subfield>
      <subfield code="e">printer.</subfield>
   </datafield>
   <datafield ind1="2" ind2=" " tag="710">
      <subfield code="a">H.P. Kraus (Firm),</subfield>
      <subfield code="e">bookseller.</subfield>
      <subfield code="5">NjP</subfield>
   </datafield>
   <datafield ind1="4" ind2="1" tag="856">
      <subfield code="u">http://arks.princeton.edu/ark:/88435/f1881k970</subfield>
   </datafield>
</record>