<record xmlns="http://www.loc.gov/MARC21/slim" xmlns:xsi="http://www.w3.org/2001/XMLSchema-instance">
   <leader>01216cam a22002895a 4500</leader>
   <controlfield tag="001">5138415</controlfield>
   <controlfield tag="005">20120724091440.0</controlfield>
   <controlfield tag="008">070305s1460    fr            000 0 lat d</controlfield>
   <datafield ind1=" " ind2=" " tag="040">
      <subfield code="a">NjP</subfield>
      <subfield code="c">NjP</subfield>
   </datafield>
   <datafield ind1="1" ind2=" " tag="041">
      <subfield code="a">lat</subfield>
      <subfield code="h">hebgrc</subfield>
   </datafield>
   <datafield ind1="0" ind2=" " tag="130">
      <subfield code="a">Bible.</subfield>
      <subfield code="l">Latin.</subfield>
      <subfield code="s">Vulgate.</subfield>
      <subfield code="f">1460.</subfield>
   </datafield>
   <datafield ind1="1" ind2="0" tag="245">
      <subfield code="a">Biblia.</subfield>
   </datafield>
   <datafield ind1=" " ind2=" " tag="260">
      <subfield code="a">[Strasbourg :</subfield>
      <subfield code="b">Johann Mentelin,</subfield>
      <subfield code="c">not after 1460].</subfield>
   </datafield>
   <datafield ind1=" " ind2=" " tag="300">
      <subfield code="a">1 v. ;</subfield>
      <subfield code="c">39 x 28.7 cm.</subfield>
   </datafield>
   <datafield ind1="4" ind2=" " tag="510">
      <subfield code="a">Goff</subfield>
      <subfield code="c">B-528.</subfield>
   </datafield>
   <datafield ind1="4" ind2=" " tag="510">
      <subfield code="a">Hain</subfield>
      <subfield code="c">3033*</subfield>
   </datafield>
   <datafield ind1="4" ind2=" " tag="510">
      <subfield code="a">BMC</subfield>
      <subfield code="c">I 51 (IC.501)</subfield>
   </datafield>
   <datafield ind1="4" ind2=" " tag="510">
      <subfield code="a">GW</subfield>
      <subfield code="c">4203</subfield>
   </datafield>
   <datafield ind1=" " ind2=" " tag="561">
      <subfield code="a">WHS has provenance: Reformed Franciscans, Saverne; Charles-Jérôme Cisternay du Fay; Karl Heinrich, Count Hoym; Pietro Antonio Bolongaro-Crevenna; Sir George Shuckburgh, Bart.</subfield>
      <subfield code="5">NjP</subfield>
   </datafield>
   <datafield ind1=" " ind2=" " tag="583">
      <subfield code="x">mlc</subfield>
   </datafield>
   <datafield ind1="1" ind2=" " tag="700">
      <subfield code="a">Mentelin, Johann,</subfield>
      <subfield code="d">ca. 1410-1478,</subfield>
      <subfield code="e">printer.</subfield>
      <subfield code="5">NjP</subfield>
   </datafield>
   <datafield ind1="1" ind2=" " tag="700">
      <subfield code="a">Du Fay, Charles-Jerôme de Cisternay,</subfield>
      <subfield code="d">1662-1723,</subfield>
      <subfield code="e">former owner.</subfield>
      <subfield code="5">NjP</subfield>
   </datafield>
   <datafield ind1="1" ind2=" " tag="700">
      <subfield code="a">Hoym, Karl Heinrich,</subfield>
      <subfield code="c">Graf von,</subfield>
      <subfield code="d">1694-1736,</subfield>
      <subfield code="e">former owner.</subfield>
      <subfield code="5">NjP</subfield>
   </datafield>
   <datafield ind1="1" ind2=" " tag="700">
      <subfield code="a">Bolongaro-Crevenna, Pietro Antonio,</subfield>
      <subfield code="d">1735-1792,</subfield>
      <subfield code="e">former owner.</subfield>
      <subfield code="5">NjP</subfield>
   </datafield>
   <datafield ind1="1" ind2=" " tag="700">
      <subfield code="a">Shuckburgh-Evelyn, George Augustus William,</subfield>
      <subfield code="c">Sir,</subfield>
      <subfield code="d">1751-1804,</subfield>
      <subfield code="e">former owner.</subfield>
      <subfield code="5">NjP</subfield>
   </datafield>
   <datafield ind1="4" ind2="1" tag="856">
      <subfield code="u">http://arks.princeton.edu/ark:/88435/js956f89t</subfield>
   </datafield>
</record>