<record xmlns="http://www.loc.gov/MARC21/slim" xmlns:xsi="http://www.w3.org/2001/XMLSchema-instance">
   <leader>04396ctm a2200721 a 4500</leader>
   <controlfield tag="001">3317877</controlfield>
   <controlfield tag="005">20120914101938.0</controlfield>
   <controlfield tag="008">010227s1680    enk           000 0 eng d</controlfield>
   <datafield ind1=" " ind2=" " tag="035">
      <subfield code="a">(OCoLC)177496446</subfield>
   </datafield>
   <datafield ind1=" " ind2=" " tag="035">
      <subfield code="a">3317877</subfield>
   </datafield>
   <datafield ind1=" " ind2=" " tag="040">
      <subfield code="a">NjP</subfield>
      <subfield code="c">NjP</subfield>
      <subfield code="e">amremm</subfield>
   </datafield>
   <datafield ind1="0" ind2="0" tag="245">
      <subfield code="a">[Collection of English Restoration plays, poetry, and other works].</subfield>
   </datafield>
   <datafield ind1=" " ind2=" " tag="260">
      <subfield code="a">[England?,</subfield>
      <subfield code="c">ca. 1680]</subfield>
   </datafield>
   <datafield ind1=" " ind2=" " tag="300">
      <subfield code="a">209 leaves :</subfield>
      <subfield code="b">paper ;</subfield>
      <subfield code="c">bound to 203 x 152 mm.</subfield>
   </datafield>
   <datafield ind1=" " ind2=" " tag="500">
      <subfield code="a">Ms. codex.</subfield>
   </datafield>
   <datafield ind1=" " ind2=" " tag="506">
      <subfield code="a">Material extremely fragile;</subfield>
      <subfield code="c">readers should use the photocopies available in C0199 (2 v.).</subfield>
   </datafield>
   <datafield ind1="8" ind2=" " tag="520">
      <subfield code="a">Autograph manuscript, written in two different unknown hands. Contains the Earl of Rochester's Sodom in 3-act and 5-act versions; prose orations; political and satirical poems by Marvell, Oldham, and Rochester; and love poems by Crashaw, Etheredge and Sedley. Possibly originated as a series of separate books, each section separated by blank leaves, which was subsequently bound into a single volume. Compiled between 1670 and 1680, compiler unknown. Pagination (added later in pencil) includes blank pages.</subfield>
   </datafield>
   <datafield ind1="1" ind2=" " tag="541">
      <subfield code="c">Purchase;</subfield>
      <subfield code="a">Rosenbach,</subfield>
      <subfield code="d">April 1951,</subfield>
      <subfield code="h">$525.</subfield>
      <subfield code="e">Accession number AM 14401.</subfield>
   </datafield>
   <datafield ind1=" " ind2=" " tag="563">
      <subfield code="a">Contemporary dark brown leather.</subfield>
   </datafield>
   <datafield ind1=" " ind2=" " tag="581">
      <subfield code="a">Edwards, A.S.G. "Libertine literature in Restoration England, Princeton MS 14401." Book collector, v. 25 (1976), p. 354-373.</subfield>
   </datafield>
   <datafield ind1=" " ind2=" " tag="500">
      <subfield code="a">Item cataloged from digital reproduction, January 2006.</subfield>
   </datafield>
   <datafield ind1="0" ind2=" " tag="505">
      <subfield code="g">1. p. 1-36:</subfield>
      <subfield code="t">Sodom /</subfield>
      <subfield code="r">John Wilmot, Earl of Rochester.</subfield>
   </datafield>
   <datafield ind1="8" ind2=" " tag="505">
      <subfield code="g">2. p. 37-108:</subfield>
      <subfield code="t">Sodom /</subfield>
      <subfield code="r">John Wilmot, Earl of Rochester.</subfield>
   </datafield>
   <datafield ind1="8" ind2=" " tag="505">
      <subfield code="g">3. p. 109-136:</subfield>
      <subfield code="t">Pindarique /</subfield>
      <subfield code="r">John Oldham.</subfield>
   </datafield>
   <datafield ind1="8" ind2=" " tag="505">
      <subfield code="g">4. p. 137-204:</subfield>
      <subfield code="t">Duell.</subfield>
   </datafield>
   <datafield ind1="8" ind2=" " tag="505">
      <subfield code="g">5. p. 237-270:</subfield>
      <subfield code="t">Gamball.</subfield>
   </datafield>
   <datafield ind1="8" ind2=" " tag="505">
      <subfield code="g">6. p. 271-278:</subfield>
      <subfield code="t">Apologie, by way of epilogue to ye pindaricks /</subfield>
      <subfield code="r">John Oldham.</subfield>
   </datafield>
   <datafield ind1="8" ind2=" " tag="505">
      <subfield code="g">7. p. 279-300:</subfield>
      <subfield code="t">Britannia &amp; Rawleigh /</subfield>
      <subfield code="r">Andrew Marvell and/or John Ayloffe.</subfield>
   </datafield>
   <datafield ind1="8" ind2=" " tag="505">
      <subfield code="g">8. p. 301-317:</subfield>
      <subfield code="t">New instrussions to a painter.</subfield>
   </datafield>
   <datafield ind1="8" ind2=" " tag="505">
      <subfield code="g">9. p. 319-324:</subfield>
      <subfield code="t">Copy of verses presented to ye K. /</subfield>
      <subfield code="r">John Wilmot, Earl of Rochester.</subfield>
   </datafield>
   <datafield ind1="8" ind2=" " tag="505">
      <subfield code="g">10. p. 325-332:</subfield>
      <subfield code="t">Advice to a painter /</subfield>
      <subfield code="r">Andrew Marvell.</subfield>
   </datafield>
   <datafield ind1="8" ind2=" " tag="505">
      <subfield code="g">11. p. 333-346:</subfield>
      <subfield code="t">On ye prorogason of ye parliamt.</subfield>
   </datafield>
   <datafield ind1="8" ind2=" " tag="505">
      <subfield code="g">12. p. 347-352:</subfield>
      <subfield code="t">Loves horoscope /</subfield>
      <subfield code="r">Richard Crashaw.</subfield>
   </datafield>
   <datafield ind1="8" ind2=" " tag="505">
      <subfield code="g">13. p. 353:</subfield>
      <subfield code="t">In limine thalami regii. Super Loure in ffranc. Super nuper dom. cancell.</subfield>
   </datafield>
   <datafield ind1="8" ind2=" " tag="505">
      <subfield code="a">14. p. 354: [Four Latin distichs, the third titled: In regis Francorum triumphis].</subfield>
   </datafield>
   <datafield ind1="8" ind2=" " tag="505">
      <subfield code="a">15. p. 355: [Latin distich]. On ye Dukes children.</subfield>
   </datafield>
   <datafield ind1="8" ind2=" " tag="505">
      <subfield code="g">16. p. 355-360:</subfield>
      <subfield code="t">On ye queens masquerading att Xmas 1670.</subfield>
   </datafield>
   <datafield ind1="8" ind2=" " tag="505">
      <subfield code="g">17. p. 361:</subfield>
      <subfield code="t">Upon Bloods attempt of borrowing ye Crowne /</subfield>
      <subfield code="r">Andrew Marvell.</subfield>
   </datafield>
   <datafield ind1="8" ind2=" " tag="505">
      <subfield code="g">18. p. 362-363:</subfield>
      <subfield code="t">Translason /</subfield>
      <subfield code="r">Andrew Marvell.</subfield>
   </datafield>
   <datafield ind1="8" ind2=" " tag="505">
      <subfield code="g">19. p. 365:</subfield>
      <subfield code="t">Upon the Caball 72.</subfield>
   </datafield>
   <datafield ind1="8" ind2=" " tag="505">
      <subfield code="g">20. p. 367-371:</subfield>
      <subfield code="t">Ancient prophecy of Nostr Dam's written originally in French and Englisht thus /</subfield>
      <subfield code="r">Andrew Marvell.</subfield>
   </datafield>
   <datafield ind1="8" ind2=" " tag="505">
      <subfield code="g">21. p. 373-378:</subfield>
      <subfield code="t">Letany a⁰ 1672.</subfield>
   </datafield>
   <datafield ind1="8" ind2=" " tag="505">
      <subfield code="g">22. p. 379-383:</subfield>
      <subfield code="r">Room for a bishop att ye man in ye moon.</subfield>
   </datafield>
   <datafield ind1="8" ind2=" " tag="505">
      <subfield code="g">23. p. 385:</subfield>
      <subfield code="t">To a very young lady /</subfield>
      <subfield code="r">Sir George Etheredge.</subfield>
   </datafield>
   <datafield ind1="8" ind2=" " tag="505">
      <subfield code="g">24. p. 387-389:</subfield>
      <subfield code="t">To ye same /</subfield>
      <subfield code="r">Sir Charles Sedley.</subfield>
   </datafield>
   <datafield ind1="8" ind2=" " tag="505">
      <subfield code="g">25. p. 391-407:</subfield>
      <subfield code="t">Drs Rich Gardiner Herefordiensis Aedis xti Oxoniensis Cantabrigiensis oratio.</subfield>
   </datafield>
   <datafield ind1="8" ind2=" " tag="505">
      <subfield code="a">26. p. 408-417: [Prose oration beginning: Most academicall most knowing judges].</subfield>
   </datafield>
   <datafield ind1=" " ind2="0" tag="650">
      <subfield code="a">English drama</subfield>
      <subfield code="y">Restoration, 1660-1700.</subfield>
   </datafield>
   <datafield ind1=" " ind2="0" tag="650">
      <subfield code="a">English poetry</subfield>
      <subfield code="y">Early modern, 1500-1700.</subfield>
   </datafield>
   <datafield ind1=" " ind2="0" tag="650">
      <subfield code="a">Political satire, English.</subfield>
   </datafield>
   <datafield ind1=" " ind2="0" tag="650">
      <subfield code="a">Satire, English.</subfield>
   </datafield>
   <datafield ind1=" " ind2="0" tag="650">
      <subfield code="a">Verse satire, English .</subfield>
   </datafield>
   <datafield ind1=" " ind2="0" tag="650">
      <subfield code="a">Manuscripts, English</subfield>
      <subfield code="z">New Jersey</subfield>
      <subfield code="z">Princeton.</subfield>
   </datafield>
   <datafield ind1="1" ind2="2" tag="700">
      <subfield code="a">Rochester, John Wilmot,</subfield>
      <subfield code="c">Earl of,</subfield>
      <subfield code="d">1647-1680.</subfield>
      <subfield code="t">Selections.</subfield>
      <subfield code="f">1680.</subfield>
   </datafield>
   <datafield ind1="1" ind2="2" tag="700">
      <subfield code="a">Etherege, George,</subfield>
      <subfield code="c">Sir,</subfield>
      <subfield code="d">1635?-1691.</subfield>
      <subfield code="t">To a very young lady.</subfield>
   </datafield>
   <datafield ind1="1" ind2=" " tag="700">
      <subfield code="a">Oldham, John,</subfield>
      <subfield code="d">1653-1683.</subfield>
      <subfield code="t">Apologie, by way of epilogue to ye pindaricks.</subfield>
   </datafield>
   <datafield ind1="1" ind2=" " tag="700">
      <subfield code="a">Marvell, Andrew,</subfield>
      <subfield code="d">1621-1678.</subfield>
      <subfield code="t">Selections.</subfield>
      <subfield code="f">1680.</subfield>
   </datafield>
   <datafield ind1="1" ind2=" " tag="700">
      <subfield code="a">Sedley, Charles,</subfield>
      <subfield code="c">Sir,</subfield>
      <subfield code="d">1639?-1701.</subfield>
      <subfield code="t">To ye same.</subfield>
   </datafield>
   <datafield ind1="1" ind2=" " tag="700">
      <subfield code="a">Chorier, Nicolas,</subfield>
      <subfield code="d">1612-1692.</subfield>
      <subfield code="t">Aloisiae Sigeae Toletanae Satyra sotadica de arcanis amoris et veneris.</subfield>
      <subfield code="n">Book 4.</subfield>
      <subfield code="l">English.</subfield>
   </datafield>
   <datafield ind1="0" ind2="2" tag="740">
      <subfield code="a">In regis Francorum triumphis.</subfield>
   </datafield>
   <datafield ind1="0" ind2="2" tag="740">
      <subfield code="a">On ye Dukes children.</subfield>
   </datafield>
   <datafield ind1="4" ind2="1" tag="856">
      <subfield code="u">http://arks.princeton.edu/ark:/88435/6h440s45f</subfield>
   </datafield>
</record>