<record xmlns="http://www.loc.gov/MARC21/slim" xmlns:xsi="http://www.w3.org/2001/XMLSchema-instance">
   <leader>01334cam a2200277 a 4500</leader>
   <controlfield tag="001">568784</controlfield>
   <controlfield tag="005">20120806095131.0</controlfield>
   <controlfield tag="008">900308s1990    nju      c    00010 eng d</controlfield>
   <datafield ind1=" " ind2=" " tag="035">
      <subfield code="a">(OCoLC)21815309</subfield>
   </datafield>
   <datafield ind1=" " ind2=" " tag="035">
      <subfield code="a">(CStRLIN)NJPG90-B10951</subfield>
   </datafield>
   <datafield ind1=" " ind2=" " tag="035">
      <subfield code="9">ACQ4781TS</subfield>
   </datafield>
   <datafield ind1=" " ind2=" " tag="040">
      <subfield code="a">NjP</subfield>
      <subfield code="c">NjP</subfield>
   </datafield>
   <datafield ind1="2" ind2=" " tag="110">
      <subfield code="a">Princeton University.</subfield>
      <subfield code="b">Library.</subfield>
      <subfield code="b">Dept. of Rare Books and Special Collections.</subfield>
   </datafield>
   <datafield ind1="1" ind2="0" tag="245">
      <subfield code="a">Gender in the academy :</subfield>
      <subfield code="b">women and learning from Plato to Princeton : an exhibition celebrating the 20th anniversary of undergraduate coeducation at Princeton University /</subfield>
      <subfield code="c">organized by Natalie Zemon Davis, Stephen Ferguson, Anthony T. Grafton, Linda Lierheimer, Carol Quillen, and Patricia Schechter.</subfield>
   </datafield>
   <datafield ind1=" " ind2=" " tag="260">
      <subfield code="a">Princeton, N.J. :</subfield>
      <subfield code="b">Princeton University Library,</subfield>
      <subfield code="c">1990.</subfield>
   </datafield>
   <datafield ind1=" " ind2=" " tag="300">
      <subfield code="a">42 p. ;</subfield>
      <subfield code="c">23 cm.</subfield>
   </datafield>
   <datafield ind1="1" ind2=" " tag="490">
      <subfield code="a">[Exhibition catalogues - Princeton University Library, Dept. of Rare Books and Special Collections ;</subfield>
      <subfield code="v">no. 60]</subfield>
   </datafield>
   <datafield ind1=" " ind2="0" tag="650">
      <subfield code="a">Women</subfield>
      <subfield code="x">Education.</subfield>
   </datafield>
   <datafield ind1=" " ind2="0" tag="650">
      <subfield code="a">Coeducation.</subfield>
   </datafield>
   <datafield ind1="2" ind2="0" tag="610">
      <subfield code="a">Princeton University</subfield>
      <subfield code="x">History</subfield>
      <subfield code="x">Sources.</subfield>
   </datafield>
   <datafield ind1="1" ind2=" " tag="700">
      <subfield code="a">Davis, Natalie Zemon,</subfield>
      <subfield code="d">1928-</subfield>
   </datafield>
   <datafield ind1="4" ind2="1" tag="856">
      <subfield code="u">http://libweb2.princeton.edu/rbsc2/misc/Gender_Academy.pdf</subfield>
   </datafield>
   <datafield ind1="4" ind2="1" tag="856">
      <subfield code="u">http://arks.princeton.edu/ark:/88435/z316q157g</subfield>
   </datafield>
</record>