<record xmlns="http://www.loc.gov/MARC21/slim" xmlns:xsi="http://www.w3.org/2001/XMLSchema-instance">
   <leader>02131cam a22003855a 4500</leader>
   <controlfield tag="001">4601808</controlfield>
   <controlfield tag="005">20120724091654.0</controlfield>
   <controlfield tag="008">051010s1461    gw            000 0 lat d</controlfield>
   <datafield ind1=" " ind2=" " tag="040">
      <subfield code="a">NjP</subfield>
      <subfield code="c">NjP</subfield>
   </datafield>
   <datafield ind1="0" ind2=" " tag="130">
      <subfield code="a">Bible.</subfield>
      <subfield code="l">Latin.</subfield>
      <subfield code="s">Vulgate.</subfield>
      <subfield code="f">1461.</subfield>
   </datafield>
   <datafield ind1="1" ind2="0" tag="245">
      <subfield code="a">Biblia Latina.</subfield>
   </datafield>
   <datafield ind1="1" ind2="3" tag="246">
      <subfield code="a">36-line Bible</subfield>
   </datafield>
   <datafield ind1=" " ind2=" " tag="260">
      <subfield code="a">[Bamberg, Germany :</subfield>
      <subfield code="b">Albrecht Pfister?,</subfield>
      <subfield code="c">not after 1461].</subfield>
   </datafield>
   <datafield ind1=" " ind2=" " tag="300">
      <subfield code="a">884 leaves ;</subfield>
      <subfield code="c">39.6 x 28.1 cm. (fol.)</subfield>
   </datafield>
   <datafield ind1=" " ind2=" " tag="500">
      <subfield code="a">Commonly known in English as the 36-line Bible.</subfield>
   </datafield>
   <datafield ind1="4" ind2=" " tag="510">
      <subfield code="a">Stillwell</subfield>
      <subfield code="c">B461.</subfield>
   </datafield>
   <datafield ind1="4" ind2=" " tag="510">
      <subfield code="a">Goff</subfield>
      <subfield code="c">B-527.</subfield>
   </datafield>
   <datafield ind1="4" ind2=" " tag="510">
      <subfield code="a">HC</subfield>
      <subfield code="c">3032.</subfield>
   </datafield>
   <datafield ind1="4" ind2=" " tag="510">
      <subfield code="a">DeRicci (M)</subfield>
      <subfield code="c">23.</subfield>
   </datafield>
   <datafield ind1="4" ind2=" " tag="510">
      <subfield code="a">BMC I</subfield>
      <subfield code="c">16 (IC.64).</subfield>
   </datafield>
   <datafield ind1="4" ind2=" " tag="510">
      <subfield code="a">GW</subfield>
      <subfield code="c">4202.</subfield>
   </datafield>
   <datafield ind1=" " ind2=" " tag="500">
      <subfield code="a">WHS copy is incomplete, consisting of 480 leaves, lacking portion now forming part of John Rylands Library set, and lacking leaves 89/5/6 (blanks canceled by first or subsequent binder). Besides this copy, WHS has 3 fragments described in following notes.</subfield>
   </datafield>
   <datafield ind1=" " ind2=" " tag="500">
      <subfield code="a">WHS fragment no. 1 is strip of 9 lines of leaf (7 x 22.2 cm.) containing parts of Ps. X,1-5; XI,8-9; XIII, 3-5; XV, 3-5.</subfield>
      <subfield code="5">NjP</subfield>
   </datafield>
   <datafield ind1=" " ind2=" " tag="500">
      <subfield code="a">WHS fragment no. 2 is fragment of vellum leaf (38.2 x 18.6 cm.), vol. II fo. 366, containing text of II Corinthians XII,5-21 and XIII,1-2.</subfield>
      <subfield code="5">NjP</subfield>
   </datafield>
   <datafield ind1=" " ind2=" " tag="500">
      <subfield code="a">WHS fragment no. 3 is portion of paper leaf (32.8 x 19.5 cm.), vol. II, fo. 49, containing text of end of Ecclesiasticus 24, and chapters 25-26 complete.</subfield>
      <subfield code="5">NjP</subfield>
   </datafield>
   <datafield ind1=" " ind2=" " tag="561">
      <subfield code="a">WHS copy formerly owned by Scottish Benedictines, Würzburg; George John, 2nd Earl Spencer; Charles Jenkinson, 3rd Earl of Liverpool.</subfield>
      <subfield code="5">NjP</subfield>
   </datafield>
   <datafield ind1=" " ind2=" " tag="561">
      <subfield code="a">WHS fragment no. 3 formerly owned by Estelle Doheny.</subfield>
      <subfield code="5">NjP</subfield>
   </datafield>
   <datafield ind1=" " ind2=" " tag="583">
      <subfield code="x">mlc</subfield>
   </datafield>
   <datafield ind1="1" ind2=" " tag="700">
      <subfield code="a">Pfister, Albrecht,</subfield>
      <subfield code="d">ca. 1420-ca. 1470,</subfield>
      <subfield code="e">printer.</subfield>
   </datafield>
   <datafield ind1="1" ind2=" " tag="700">
      <subfield code="a">Doheny, Estelle,</subfield>
      <subfield code="d">1875-1958,</subfield>
      <subfield code="e">former owner.</subfield>
      <subfield code="5">NjP</subfield>
   </datafield>
   <datafield ind1="1" ind2=" " tag="700">
      <subfield code="a">Spencer, George John Spencer,</subfield>
      <subfield code="c">Earl,</subfield>
      <subfield code="d">1758-1834,</subfield>
      <subfield code="e">former owner.</subfield>
      <subfield code="5">NjP</subfield>
   </datafield>
   <datafield ind1="1" ind2=" " tag="700">
      <subfield code="a">Liverpool, Charles Cecil Cope Jenkinson,</subfield>
      <subfield code="c">Earl of,</subfield>
      <subfield code="d">1784-1851,</subfield>
      <subfield code="e">former owner.</subfield>
      <subfield code="5">NjP</subfield>
   </datafield>
   <datafield ind1="2" ind2=" " tag="710">
      <subfield code="a">Schottenkloster (Würzburg, Germany),</subfield>
      <subfield code="e">former owner.</subfield>
      <subfield code="5">NjP</subfield>
   </datafield>
   <datafield ind1="4" ind2="1" tag="856">
      <subfield code="u">http://arks.princeton.edu/ark:/88435/zw12z537v</subfield>
   </datafield>
</record>