<record xmlns="http://www.loc.gov/MARC21/slim" xmlns:xsi="http://www.w3.org/2001/XMLSchema-instance">
   <leader>00987cam a22002415a 4500</leader>
   <controlfield tag="001">4603408</controlfield>
   <controlfield tag="005">20120724091251.0</controlfield>
   <controlfield tag="008">051014q14551499gw            000 0 lat d</controlfield>
   <datafield ind1=" " ind2=" " tag="040">
      <subfield code="a">NjP</subfield>
      <subfield code="c">NjP</subfield>
   </datafield>
   <datafield ind1="1" ind2=" " tag="100">
      <subfield code="a">Donatus, Aelius.</subfield>
   </datafield>
   <datafield ind1="1" ind2="0" tag="245">
      <subfield code="a">Ars minor [fragment].</subfield>
   </datafield>
   <datafield ind1=" " ind2=" " tag="260">
      <subfield code="a">[Mainz :</subfield>
      <subfield code="b">Peter Schoeffer,</subfield>
      <subfield code="c">14--].</subfield>
   </datafield>
   <datafield ind1=" " ind2=" " tag="300">
      <subfield code="a">1 leaf</subfield>
   </datafield>
   <datafield ind1=" " ind2=" " tag="500">
      <subfield code="a">Two vertical strips of one leaf (f.3, Schwenke 15, 24-16, 46) of a 35-line edition in the type of the B42; small Psalter initial in red and blue. Vellum.</subfield>
   </datafield>
   <datafield ind1="4" ind2=" " tag="510">
      <subfield code="a">GW</subfield>
      <subfield code="c">8720 (the leaf therein described).</subfield>
   </datafield>
   <datafield ind1=" " ind2=" " tag="561">
      <subfield code="a">WHS fragment acquired 10/9/80 from Albi Rosenthal; formerly owned by Jacques Rosenthal.</subfield>
      <subfield code="5">NjP</subfield>
   </datafield>
   <datafield ind1=" " ind2=" " tag="583">
      <subfield code="x">mlc</subfield>
   </datafield>
   <datafield ind1=" " ind2="0" tag="650">
      <subfield code="a">Latin language</subfield>
      <subfield code="x">Grammar</subfield>
      <subfield code="v">Early works to 1500.</subfield>
   </datafield>
   <datafield ind1=" " ind2="0" tag="650">
      <subfield code="a">Type and type-founding</subfield>
      <subfield code="x">Specimens.</subfield>
   </datafield>
   <datafield ind1="2" ind2=" " tag="710">
      <subfield code="a">A. Rosenthal Ltd,</subfield>
      <subfield code="e">bookseller.</subfield>
      <subfield code="5">NjP</subfield>
   </datafield>
   <datafield ind1="2" ind2=" " tag="710">
      <subfield code="a">Jacques Rosenthal (Firm),</subfield>
      <subfield code="e">former owner.</subfield>
      <subfield code="5">NjP</subfield>
   </datafield>
   <datafield ind1="4" ind2="1" tag="856">
      <subfield code="u">http://arks.princeton.edu/ark:/88435/mk61rh01s</subfield>
   </datafield>
</record>