<record xmlns="http://www.loc.gov/MARC21/slim" xmlns:xsi="http://www.w3.org/2001/XMLSchema-instance">
   <leader>02324cdm a2200409 a 4500</leader>
   <controlfield tag="001">3542217</controlfield>
   <controlfield tag="005">20120724085446.0</controlfield>
   <controlfield tag="008">020221s1807    enkzz               eng d</controlfield>
   <datafield ind1=" " ind2=" " tag="040">
      <subfield code="a">NjP</subfield>
      <subfield code="c">NjP</subfield>
      <subfield code="e">appm</subfield>
   </datafield>
   <datafield ind1=" " ind2=" " tag="043">
      <subfield code="a">e-uk-en</subfield>
   </datafield>
   <datafield ind1="1" ind2=" " tag="100">
      <subfield code="a">Handel, George Frideric,</subfield>
      <subfield code="d">1685-1759.</subfield>
   </datafield>
   <datafield ind1="1" ind2="0" tag="240">
      <subfield code="a">Choral music,</subfield>
      <subfield code="k">Selections</subfield>
   </datafield>
   <datafield ind1="1" ind2="0" tag="245">
      <subfield code="a">Dettingen Te Deum, Utrecht Te Deum and Utrecht Jubilate :</subfield>
      <subfield code="k">manuscript,</subfield>
      <subfield code="f">[ca. 1807]</subfield>
   </datafield>
   <datafield ind1=" " ind2=" " tag="300">
      <subfield code="a">1</subfield>
      <subfield code="f">score (90, 40, 33 p.) :</subfield>
      <subfield code="b">paper ;</subfield>
      <subfield code="c">36 x 26 cm.</subfield>
   </datafield>
   <datafield ind1=" " ind2=" " tag="500">
      <subfield code="a">Supplied title.</subfield>
   </datafield>
   <datafield ind1="0" ind2=" " tag="520">
      <subfield code="a">Composite volume containing manuscript copies of three works by Handel, "Dettingen Te Deum," "Utrecht Te Deum," and "Utrecht Jubilate." Written in unknown hand on a pale blue paper which is probably to be dated 1807. The 3/4 section of the first chorus of the Dettingen Te Deum has two missing bars at 82-84, a mistake which occurs in all the early printed scores (Walsh, Randall, Wright, etc.) until corrected in the English Handel Society's edition of 1846/7. This suggests that this manuscript may have been copied from the early printed scores.</subfield>
   </datafield>
   <datafield ind1=" " ind2=" " tag="500">
      <subfield code="a">For chorus (SSATB), solo bass voice, and orchestra.</subfield>
   </datafield>
   <datafield ind1=" " ind2=" " tag="500">
      <subfield code="a">"Presented to Dr. Jon Lang ... W. Nelson"--Written in pen on front flyleaf.</subfield>
   </datafield>
   <datafield ind1=" " ind2=" " tag="546">
      <subfield code="a">English words.</subfield>
   </datafield>
   <datafield ind1=" " ind2=" " tag="563">
      <subfield code="a">Marbled boards.</subfield>
   </datafield>
   <datafield ind1=" " ind2=" " tag="561">
      <subfield code="a">Bookplate of Jacobi S. Hall.</subfield>
   </datafield>
   <datafield ind1=" " ind2=" " tag="580">
      <subfield code="a">Forms part of the James S. Hall collection of George Frideric Handel (C0640).</subfield>
   </datafield>
   <datafield ind1="1" ind2="0" tag="600">
      <subfield code="a">Handel, George Frideric,</subfield>
      <subfield code="d">1685-1759</subfield>
      <subfield code="v">Manuscripts.</subfield>
   </datafield>
   <datafield ind1=" " ind2="0" tag="650">
      <subfield code="a">Te Deum laudamus (Music)</subfield>
   </datafield>
   <datafield ind1=" " ind2="0" tag="650">
      <subfield code="a">Psalms (Music)</subfield>
      <subfield code="v">100th Psalm.</subfield>
   </datafield>
   <datafield ind1=" " ind2="0" tag="650">
      <subfield code="a">Choruses, Sacred (Mixed voices) with orchestra</subfield>
      <subfield code="v">Scores.</subfield>
   </datafield>
   <datafield ind1=" " ind2="0" tag="650">
      <subfield code="a">Composers</subfield>
      <subfield code="z">England</subfield>
      <subfield code="y">18th century</subfield>
      <subfield code="v">Manuscripts.</subfield>
   </datafield>
   <datafield ind1=" " ind2="0" tag="650">
      <subfield code="a">Music</subfield>
      <subfield code="z">England</subfield>
      <subfield code="y">18th century</subfield>
      <subfield code="v">Manuscripts.</subfield>
   </datafield>
   <datafield ind1=" " ind2="7" tag="655">
      <subfield code="a">Manuscripts</subfield>
      <subfield code="z">England</subfield>
      <subfield code="y">20th century.</subfield>
      <subfield code="2">aat</subfield>
   </datafield>
   <datafield ind1=" " ind2="7" tag="655">
      <subfield code="a">Boards (Binding)</subfield>
      <subfield code="y">20th century.</subfield>
      <subfield code="2">rbbin</subfield>
   </datafield>
   <datafield ind1="1" ind2="2" tag="700">
      <subfield code="a">Handel, George Frideric,</subfield>
      <subfield code="d">1685-1759.</subfield>
      <subfield code="t">Dettingen Te Deum.</subfield>
   </datafield>
   <datafield ind1="1" ind2="2" tag="700">
      <subfield code="a">Handel, George Frideric,</subfield>
      <subfield code="d">1685-1759.</subfield>
      <subfield code="t">Utrecht Te Deum.</subfield>
   </datafield>
   <datafield ind1="1" ind2="2" tag="700">
      <subfield code="a">Handel, George Frideric,</subfield>
      <subfield code="d">1685-1759.</subfield>
      <subfield code="t">Utrecht Jubilate.</subfield>
   </datafield>
   <datafield ind1="1" ind2=" " tag="700">
      <subfield code="a">Hall, James S.,</subfield>
      <subfield code="e">former owner.</subfield>
   </datafield>
   <datafield ind1="0" ind2=" " tag="773">
      <subfield code="7">nndm</subfield>
      <subfield code="t">James S. Hall collection of George Frideric Handel,</subfield>
      <subfield code="d">1714-1760.</subfield>
      <subfield code="w">3056596</subfield>
   </datafield>
   <datafield ind1="4" ind2="1" tag="856">
      <subfield code="u">http://arks.princeton.edu/ark:/88435/pk02c981p</subfield>
   </datafield>
</record>