<record xmlns="http://www.loc.gov/MARC21/slim" xmlns:xsi="http://www.w3.org/2001/XMLSchema-instance">
   <leader>01635cdm a2200313 a 4500</leader>
   <controlfield tag="001">3548404</controlfield>
   <controlfield tag="005">20120724085547.0</controlfield>
   <controlfield tag="008">020227s1760    enkor               eng d</controlfield>
   <datafield ind1=" " ind2=" " tag="040">
      <subfield code="a">NjP</subfield>
      <subfield code="c">NjP</subfield>
      <subfield code="e">appm</subfield>
   </datafield>
   <datafield ind1=" " ind2=" " tag="043">
      <subfield code="a">e-uk-en</subfield>
   </datafield>
   <datafield ind1="1" ind2=" " tag="100">
      <subfield code="a">Handel, George Frideric,</subfield>
      <subfield code="d">1685-1759.</subfield>
   </datafield>
   <datafield ind1="1" ind2="0" tag="245">
      <subfield code="a">Israel in Egypt :</subfield>
      <subfield code="b">an oratorio :</subfield>
      <subfield code="k">manuscript,</subfield>
      <subfield code="f">[ca. 1760] /</subfield>
      <subfield code="c">set to musick by Mr. George Frederick Handel, anno 1738.</subfield>
   </datafield>
   <datafield ind1=" " ind2=" " tag="300">
      <subfield code="a">1</subfield>
      <subfield code="f">score (276 p.) :</subfield>
      <subfield code="b">paper ;</subfield>
      <subfield code="c">37 cm.</subfield>
   </datafield>
   <datafield ind1="0" ind2=" " tag="520">
      <subfield code="a">Full score in manuscript of Handel's oratorio Israel in Egypt, written in at least 2 different scribal hands. Probably in the hand of Copyist S6 (Larsen) for the first 37 p. and in the hand of Copyist S10 (Larsen) for the remainder. Together with an 18th-century copy of the original trombone parts for "Israel in Egypt" (p. 261-276) laid in at back.</subfield>
   </datafield>
   <datafield ind1=" " ind2=" " tag="546">
      <subfield code="a">English words.</subfield>
   </datafield>
   <datafield ind1=" " ind2=" " tag="563">
      <subfield code="a">White morocco binding; calf spine.</subfield>
   </datafield>
   <datafield ind1=" " ind2=" " tag="561">
      <subfield code="a">Bookplate of Jacobi S. Hall.</subfield>
   </datafield>
   <datafield ind1=" " ind2=" " tag="580">
      <subfield code="a">Forms part of the James S. Hall collection of George Frideric Handel (C0640).</subfield>
   </datafield>
   <datafield ind1=" " ind2=" " tag="530">
      <subfield code="a">Also available on microfilm.</subfield>
   </datafield>
   <datafield ind1=" " ind2="0" tag="650">
      <subfield code="a">Oratorios</subfield>
      <subfield code="v">Scores.</subfield>
   </datafield>
   <datafield ind1="1" ind2="0" tag="600">
      <subfield code="a">Handel, George Frideric,</subfield>
      <subfield code="d">1685-1759</subfield>
      <subfield code="v">Manuscripts.</subfield>
   </datafield>
   <datafield ind1=" " ind2="0" tag="650">
      <subfield code="a">Composers</subfield>
      <subfield code="z">England</subfield>
      <subfield code="y">18th century</subfield>
      <subfield code="v">Manuscripts.</subfield>
   </datafield>
   <datafield ind1=" " ind2="0" tag="650">
      <subfield code="a">Music</subfield>
      <subfield code="z">England</subfield>
      <subfield code="y">18th century</subfield>
      <subfield code="v">Manuscripts.</subfield>
   </datafield>
   <datafield ind1=" " ind2="7" tag="655">
      <subfield code="a">Manuscripts</subfield>
      <subfield code="z">England</subfield>
      <subfield code="y">18th century.</subfield>
      <subfield code="2">aat</subfield>
   </datafield>
   <datafield ind1=" " ind2="7" tag="655">
      <subfield code="a">Morocco bindings (Binding)</subfield>
      <subfield code="2">rbbin</subfield>
   </datafield>
   <datafield ind1="1" ind2=" " tag="700">
      <subfield code="a">Hall, James S.,</subfield>
      <subfield code="e">former owner.</subfield>
   </datafield>
   <datafield ind1="0" ind2=" " tag="773">
      <subfield code="7">nndm</subfield>
      <subfield code="t">James S. Hall collection of George Frideric Handel,</subfield>
      <subfield code="d">1714-1760.</subfield>
      <subfield code="w">3056596</subfield>
   </datafield>
   <datafield ind1="4" ind2="1" tag="856">
      <subfield code="u">http://arks.princeton.edu/ark:/88435/tb09j574c</subfield>
   </datafield>
</record>