<record xmlns="http://www.loc.gov/MARC21/slim" xmlns:xsi="http://www.w3.org/2001/XMLSchema-instance">
   <leader>02637cdm a2200385 a 4500</leader>
   <controlfield tag="001">3551622</controlfield>
   <controlfield tag="005">20120724085149.0</controlfield>
   <controlfield tag="008">020227s1744    enkor               eng d</controlfield>
   <datafield ind1=" " ind2=" " tag="040">
      <subfield code="a">NjP</subfield>
      <subfield code="c">NjP</subfield>
      <subfield code="e">appm</subfield>
   </datafield>
   <datafield ind1=" " ind2=" " tag="043">
      <subfield code="a">e-uk-en</subfield>
   </datafield>
   <datafield ind1="1" ind2=" " tag="100">
      <subfield code="a">Handel, George Frideric,</subfield>
      <subfield code="d">1685-1759.</subfield>
   </datafield>
   <datafield ind1="1" ind2="0" tag="245">
      <subfield code="a">Belshazzar :</subfield>
      <subfield code="b">an oratorio :</subfield>
      <subfield code="k">manuscript,</subfield>
      <subfield code="f">[ca. 1744].</subfield>
   </datafield>
   <datafield ind1="3" ind2="8" tag="246">
      <subfield code="a">Handel's Belshazzar</subfield>
   </datafield>
   <datafield ind1=" " ind2=" " tag="300">
      <subfield code="a">1</subfield>
      <subfield code="f">score (252 p.) :</subfield>
      <subfield code="b">paper ;</subfield>
      <subfield code="c">37 cm.</subfield>
   </datafield>
   <datafield ind1="0" ind2=" " tag="520">
      <subfield code="a">Manuscript scribal copy of the full score of Handel's oratorio Belshazzar, probably in the hand of John Christopher Smith (the elder). This volume is no. 8 in a series made for (Frederick) Prince of Wales about 1745. The contents generally follow the Novello vocal score, with the exception of n. 4, 5, 7, 8, and the two Chandos Anthems. Numbers 4 and 5 "The Fate of Babylon" and "Lament not thus" were not included by Handel in performance. Contains the final instruction "Ends with the Anthem 'I will magnifie thee o God my Kind &amp;c."</subfield>
   </datafield>
   <datafield ind1=" " ind2=" " tag="500">
      <subfield code="a">Libretto by Charles Jennens.</subfield>
   </datafield>
   <datafield ind1=" " ind2=" " tag="546">
      <subfield code="a">English words.</subfield>
   </datafield>
   <datafield ind1=" " ind2=" " tag="500">
      <subfield code="a">Watermarks: fleur-de-lis with shield and L.V.G. below the countermark IV.</subfield>
   </datafield>
   <datafield ind1=" " ind2=" " tag="563">
      <subfield code="a">Red morocco binding; gilt.</subfield>
   </datafield>
   <datafield ind1=" " ind2=" " tag="561">
      <subfield code="a">Manuscript probably written by J. C. Smith for (Frederick) Prince on Wales about 1745; later given by him, presumably before his death in 1751, to a Mr. Denoyer; purchased by Mr. Pocklington; sale, [Benjamin] Goodison, a London music publisher, bought the manuscript at auction and sold it to a W. M. Moseley; the last address indicated was that of Mrs. Humphrey Lloyd of Buildwas Park, near Shrewsbury; later sold by Messrs. Hodgson &amp; Co., on Friday July 14, 1961 to James S. Hall; bookplates of M M Moseley and Jacobi S. Hall.</subfield>
   </datafield>
   <datafield ind1=" " ind2=" " tag="580">
      <subfield code="a">Forms part of the James S. Hall collection of George Frideric Handel (C0640).</subfield>
   </datafield>
   <datafield ind1=" " ind2=" " tag="530">
      <subfield code="a">Available on microfilm.</subfield>
   </datafield>
   <datafield ind1=" " ind2=" " tag="581">
      <subfield code="a">Knapp, M. "The Hall Handel Collection." Princeton University Library chronicle, v. 36, no. 1 (autumn 1974), p. 3-18.</subfield>
   </datafield>
   <datafield ind1="0" ind2="0" tag="600">
      <subfield code="a">Belshazzar</subfield>
      <subfield code="v">Songs and music.</subfield>
   </datafield>
   <datafield ind1="1" ind2="0" tag="600">
      <subfield code="a">Handel, George Frideric,</subfield>
      <subfield code="d">1685-1759</subfield>
      <subfield code="v">Manuscripts.</subfield>
   </datafield>
   <datafield ind1=" " ind2="0" tag="650">
      <subfield code="a">Oratorios</subfield>
      <subfield code="v">Scores.</subfield>
   </datafield>
   <datafield ind1=" " ind2="0" tag="650">
      <subfield code="a">Composers</subfield>
      <subfield code="z">England</subfield>
      <subfield code="y">18th century</subfield>
      <subfield code="v">Manuscripts.</subfield>
   </datafield>
   <datafield ind1=" " ind2="0" tag="650">
      <subfield code="a">Music</subfield>
      <subfield code="z">England</subfield>
      <subfield code="y">18th century</subfield>
      <subfield code="v">Manuscripts.</subfield>
   </datafield>
   <datafield ind1=" " ind2="7" tag="655">
      <subfield code="a">Manuscripts</subfield>
      <subfield code="z">England</subfield>
      <subfield code="y">18th century.</subfield>
      <subfield code="2">aat</subfield>
   </datafield>
   <datafield ind1=" " ind2="7" tag="655">
      <subfield code="a">Morocco bindings (Binding)</subfield>
      <subfield code="2">rbbin</subfield>
   </datafield>
   <datafield ind1="1" ind2=" " tag="700">
      <subfield code="a">Jennens, Charles,</subfield>
      <subfield code="d">1700-1773.</subfield>
   </datafield>
   <datafield ind1="1" ind2=" " tag="700">
      <subfield code="a">Hall, James S.,</subfield>
      <subfield code="e">former owner.</subfield>
   </datafield>
   <datafield ind1="0" ind2=" " tag="773">
      <subfield code="7">nndm</subfield>
      <subfield code="t">James S. Hall collection of George Frideric Handel,</subfield>
      <subfield code="d">1714-1760.</subfield>
      <subfield code="w">3056596</subfield>
   </datafield>
   <datafield ind1="4" ind2="1" tag="856">
      <subfield code="h">ttp://arks.princeton.edu/ark:/88435/6h440s54d</subfield>
   </datafield>
</record>