<record xmlns="http://www.loc.gov/MARC21/slim" xmlns:xsi="http://www.w3.org/2001/XMLSchema-instance">
   <leader>01272ccm a2200361 a 4500</leader>
   <controlfield tag="001">2274590</controlfield>
   <controlfield tag="005">20120724093259.0</controlfield>
   <controlfield tag="008">730713s1913    fr btz j       n    fre  </controlfield>
   <datafield ind1=" " ind2=" " tag="010">
      <subfield code="a">m 61001952 //r68</subfield>
   </datafield>
   <datafield ind1="2" ind2="0" tag="028">
      <subfield code="a">D. &amp; F. 8935</subfield>
      <subfield code="b">A. Durand</subfield>
   </datafield>
   <datafield ind1=" " ind2=" " tag="035">
      <subfield code="a">(OCoLC)ocm00655342</subfield>
   </datafield>
   <datafield ind1=" " ind2=" " tag="035">
      <subfield code="9">CKL0835TS</subfield>
   </datafield>
   <datafield ind1=" " ind2=" " tag="040">
      <subfield code="a">DLC</subfield>
      <subfield code="c">MIA</subfield>
      <subfield code="d">OCL</subfield>
      <subfield code="d">IUG</subfield>
      <subfield code="d">CPL</subfield>
      <subfield code="d">PUL</subfield>
      <subfield code="d">NjP</subfield>
   </datafield>
   <datafield ind1="0" ind2=" " tag="045">
      <subfield code="b">d1913</subfield>
   </datafield>
   <datafield ind1=" " ind2=" " tag="048">
      <subfield code="a">ka01</subfield>
   </datafield>
   <datafield ind1="0" ind2=" " tag="050">
      <subfield code="a">M3.3.D3</subfield>
      <subfield code="b">B6</subfield>
   </datafield>
   <datafield ind1=" " ind2=" " tag="051">
      <subfield code="a">M1523.D3</subfield>
      <subfield code="b">B6</subfield>
      <subfield code="c">Copy 2.</subfield>
   </datafield>
   <datafield ind1="1" ind2=" " tag="100">
      <subfield code="a">Debussy, Claude,</subfield>
      <subfield code="d">1862-1918.</subfield>
   </datafield>
   <datafield ind1="1" ind2="3" tag="245">
      <subfield code="a">La boîte à joujoux :</subfield>
      <subfield code="b">ballet pour enfants /</subfield>
      <subfield code="c">par André Helle ; musique de Claude Debussy.</subfield>
   </datafield>
   <datafield ind1=" " ind2=" " tag="260">
      <subfield code="a">Paris :</subfield>
      <subfield code="b">A. Durand &amp; Fils,</subfield>
      <subfield code="c">1913.</subfield>
   </datafield>
   <datafield ind1=" " ind2=" " tag="300">
      <subfield code="a">[x], 48 p., [16] col. plates :</subfield>
      <subfield code="b">col. ill. ;</subfield>
      <subfield code="c">25 x 33 cm.</subfield>
   </datafield>
   <datafield ind1=" " ind2=" " tag="500">
      <subfield code="3">Cotsen copy:</subfield>
      <subfield code="a">From the Diana R. Tillson Collection, gift of Lloyd E. Cotsen, Class of 1950.</subfield>
      <subfield code="5">NjP</subfield>
   </datafield>
   <datafield ind1=" " ind2=" " tag="500">
      <subfield code="a">First ed.</subfield>
   </datafield>
   <datafield ind1=" " ind2=" " tag="500">
      <subfield code="a">For piano.</subfield>
   </datafield>
   <datafield ind1=" " ind2=" " tag="563">
      <subfield code="a">Pub. white bds.</subfield>
   </datafield>
   <datafield ind1=" " ind2="0" tag="650">
      <subfield code="a">Ballets</subfield>
      <subfield code="v">Piano scores.</subfield>
   </datafield>
   <datafield ind1="1" ind2=" " tag="700">
      <subfield code="a">Hellé, André,</subfield>
      <subfield code="d">1871-1935,</subfield>
      <subfield code="e">ill.</subfield>
   </datafield>
   <datafield ind1="1" ind2=" " tag="700">
      <subfield code="a">Tillson, Diana R.,</subfield>
      <subfield code="e">former owner.</subfield>
      <subfield code="5">NjP</subfield>
   </datafield>
   <datafield ind1="4" ind2="1" tag="856">
      <subfield code="u">http://arks.princeton.edu/ark:/88435/h128nd78z</subfield>
   </datafield>
   <datafield ind1="4" ind2="1" tag="856">
      <subfield code="u">http://arks.princeton.edu/ark:/88435/ms35t871w</subfield>
   </datafield>
</record>