<record xmlns="http://www.loc.gov/MARC21/slim" xmlns:xsi="http://www.w3.org/2001/XMLSchema-instance">
   <leader>09679ctm a2201693Ia 4500</leader>
   <controlfield tag="001">5557079</controlfield>
   <controlfield tag="005">20111221074829.0</controlfield>
   <controlfield tag="008">080825q16001899ii p          000 0 per d</controlfield>
   <datafield ind1=" " ind2=" " tag="035">
      <subfield code="a">(OCoLC)ocn244391634</subfield>
   </datafield>
   <datafield ind1=" " ind2=" " tag="040">
      <subfield code="a">PUL</subfield>
      <subfield code="c">PUL</subfield>
      <subfield code="e">amremm</subfield>
   </datafield>
   <datafield ind1=" " ind2=" " tag="066">
      <subfield code="c">(3</subfield>
      <subfield code="c">(4</subfield>
   </datafield>
   <datafield ind1=" " ind2=" " tag="035">
      <subfield code="a">(OCoLC)244391634</subfield>
   </datafield>
   <datafield ind1=" " ind2=" " tag="043">
      <subfield code="a">n-us-nj</subfield>
      <subfield code="a">a-ii---</subfield>
   </datafield>
   <datafield ind1=" " ind2=" " tag="049">
      <subfield code="a">PULL</subfield>
   </datafield>
   <datafield ind1="0" ind2=" " tag="130">
      <subfield code="a">Album of miniatures and specimens of calligraphy of Indian origin</subfield>
   </datafield>
   <datafield ind1="0" ind2="0" tag="245">
      <subfield code="a">[Album of miniatures and specimens of calligraphy of Indian origin].</subfield>
   </datafield>
   <datafield ind1=" " ind2=" " tag="260">
      <subfield code="c">[between 16-- and 18--]</subfield>
   </datafield>
   <datafield ind1=" " ind2=" " tag="300">
      <subfield code="a">55 leaves :</subfield>
      <subfield code="b">paper, col. ill. ;</subfield>
      <subfield code="c">485 x 280 mm.</subfield>
   </datafield>
   <datafield ind1=" " ind2=" " tag="500">
      <subfield code="a">Ms. codex.</subfield>
   </datafield>
   <datafield ind1=" " ind2=" " tag="500">
      <subfield code="a">Title supplied by cataloger.</subfield>
   </datafield>
   <datafield ind1="8" ind2=" " tag="520">
      <subfield code="a">Album of miniatures and specimens of calligraphy of Indian origin. Described by Mika Natif.</subfield>
   </datafield>
   <datafield ind1=" " ind2=" " tag="500">
      <subfield code="a">The album consists of 55 folios measuring 485 x 280 mm.</subfield>
   </datafield>
   <datafield ind1=" " ind2=" " tag="500">
      <subfield code="a">Origin: The signed paintings and calligraphies are attributed to Mīr ʻAlī, Sulṭān ʻAlī al-Mashhadī, Muḥammad ʻAẓīm al-Ikthīr, ʻImād al-Ḥusaynī, Muḥammad Muʻīn ʻAlī Tajallī (= Shāh Muḥammad Muʻīn ʻAlī Tajallī Chishtī, fol. 32a), Muḥammad Ibrāhīm, ʻAbd Allāh, Muḥammad ʻAlī, Muḥammad Badīʻ al-Iṣfahānī, Tajallī ʻAlī Shāh, Muḥammad Karīm, Anūp Chator (Chatar, Chitor: see Titley), Mīr Muḥammad Māh Ḥusaynī, Zayn al-Ḥaqq, Zarrīn Raqam, Muḥammad Afḍal, Ghulām Muṣṭafá Khān, Muḥammad Aṭhar, Asad Allāh, Mughalkhān, Ghulām Jamāl Allāh Khān, Sayyid ʻAlī Būkhārī Rūshan Raqam, Jawāhir Raqam-i Thānī, Muḥammad Ḥusayn, Muḥammad ʻAlī Gawhar, Muḥammad al-Fakhkhār, Abū al-Baqāʾ al-Mūsawī, Kifāyat Khān, Ismāʻīl, Ilyās Bahādur, Aḥmad Shāh, Muḥammad Dalīr, and date from 1014H. [1630 or 31] to 1189 [1775]. Other undated paintings can be dated to 18th-19th century India and 16th or early 17th century Central Asia. One piece is dated Awrangābād, [1]203 [1788 or 9] (fol. 22a).</subfield>
   </datafield>
   <datafield ind1=" " ind2=" " tag="561">
      <subfield code="a">A letter attached to the album mentions that this was made for the Portuguese governor of India, but this is a late attribution. The document further indicates that the book belonged to the Delaney family who sold it to Sir John Malcolm (1769-1833) from the East India Company. It was then sold to Rowland Jones Esq. (1772-1856), Broom Hall, Carnarvonshire, Wales. The album was then auctioned in an estate sale between Feb. 24 and March 8, 1857 at Carnarvonshire and was purchased by William Stewart Esq. (1798-1874) of Aldenham Abbey, Hertfordshire. Stewart sold the book at Christie's auction in London in 1875. There was probably another owner after Stewart from whom Robert Garrett (1875-1961) purchased the album.</subfield>
   </datafield>
   <datafield ind1="4" ind2=" " tag="510">
      <subfield code="a">Moghadam, M. et al. Garrett coll.,</subfield>
      <subfield code="c">206</subfield>
   </datafield>
   <datafield ind1=" " ind2=" " tag="506">
      <subfield code="a">Access by permission of curator.</subfield>
   </datafield>
   <datafield ind1=" " ind2=" " tag="530">
      <subfield code="a">Microfilm negative available for reproduction.</subfield>
   </datafield>
   <datafield ind1=" " ind2=" " tag="541">
      <subfield code="c">Gift ;</subfield>
      <subfield code="a">Robert Garrett, Class of 1897 ;</subfield>
      <subfield code="d">1942.</subfield>
   </datafield>
   <datafield ind1=" " ind2="0" tag="650">
      <subfield code="a">Manuscripts, Persian</subfield>
      <subfield code="z">New Jersey</subfield>
      <subfield code="z">Princeton.</subfield>
   </datafield>
   <datafield ind1=" " ind2="0" tag="650">
      <subfield code="a">Manuscripts, Arabic</subfield>
      <subfield code="z">New Jersey</subfield>
      <subfield code="z">Princeton.</subfield>
   </datafield>
   <datafield ind1="0" ind2="0" tag="600">
      <subfield code="6">880-01</subfield>
      <subfield code="a">Dārā Shikūh,</subfield>
      <subfield code="c">Prince, son of Shahjahan, Emperor of India,</subfield>
      <subfield code="d">1615-1659</subfield>
      <subfield code="v">Portraits</subfield>
      <subfield code="v">Specimens.</subfield>
   </datafield>
   <datafield ind1="0" ind2="0" tag="600">
      <subfield code="6">880-02</subfield>
      <subfield code="a">Nūr Jahān,</subfield>
      <subfield code="c">Empress, consort of Jahangir, Emperor of Hindustan,</subfield>
      <subfield code="d">d. 1645</subfield>
      <subfield code="v">Portraits</subfield>
      <subfield code="v">Specimens.</subfield>
   </datafield>
   <datafield ind1="0" ind2="0" tag="600">
      <subfield code="6">880-03</subfield>
      <subfield code="a">Ibrāhīm ibn Adʹham,</subfield>
      <subfield code="d">d. ca. 777</subfield>
      <subfield code="v">Portraits</subfield>
      <subfield code="v">Specimens.</subfield>
   </datafield>
   <datafield ind1="0" ind2="0" tag="600">
      <subfield code="6">880-04</subfield>
      <subfield code="a">Niẓāmuddīn Auliyā,</subfield>
      <subfield code="d">1236-1325</subfield>
      <subfield code="v">Portraits</subfield>
      <subfield code="v">Specimens.</subfield>
   </datafield>
   <datafield ind1="0" ind2="0" tag="600">
      <subfield code="a">Mary,</subfield>
      <subfield code="c">Blessed Virgin, Saint</subfield>
      <subfield code="v">Art</subfield>
      <subfield code="v">Specimens.</subfield>
   </datafield>
   <datafield ind1="0" ind2="0" tag="600">
      <subfield code="a">Alī Ādila Śāha</subfield>
      <subfield code="b">II,</subfield>
      <subfield code="c">Sultan of Bijapur,</subfield>
      <subfield code="d">1638-1672</subfield>
      <subfield code="v">Portraits</subfield>
      <subfield code="v">Specimens.</subfield>
   </datafield>
   <datafield ind1="0" ind2="0" tag="600">
      <subfield code="a">Aurangzeb,</subfield>
      <subfield code="c">Emperor of Hindustan,</subfield>
      <subfield code="d">1618-1707</subfield>
      <subfield code="v">Portraits</subfield>
      <subfield code="v">Specimens.</subfield>
   </datafield>
   <datafield ind1="0" ind2="0" tag="600">
      <subfield code="a">Chand Bibi,</subfield>
      <subfield code="c">Queen of Bijāpur,</subfield>
      <subfield code="d">d. 1600</subfield>
      <subfield code="v">Portraits</subfield>
      <subfield code="v">Specimens.</subfield>
   </datafield>
   <datafield ind1="0" ind2="0" tag="600">
      <subfield code="a">Akbar,</subfield>
      <subfield code="c">Emperor of Hindustan,</subfield>
      <subfield code="d">1542-1605</subfield>
      <subfield code="v">Portraits</subfield>
      <subfield code="v">Specimens.</subfield>
   </datafield>
   <datafield ind1="0" ind2="0" tag="600">
      <subfield code="a">Majnūn Laylá</subfield>
      <subfield code="v">Portraits</subfield>
      <subfield code="v">Specimens.</subfield>
   </datafield>
   <datafield ind1=" " ind2="0" tag="650">
      <subfield code="a">Face</subfield>
      <subfield code="x">Symbolic aspects</subfield>
      <subfield code="z">Islamic empire.</subfield>
   </datafield>
   <datafield ind1="0" ind2="0" tag="630">
      <subfield code="a">Shāhnāmah</subfield>
      <subfield code="v">Illustrations</subfield>
      <subfield code="v">Specimens.</subfield>
   </datafield>
   <datafield ind1=" " ind2="0" tag="650">
      <subfield code="a">Face</subfield>
      <subfield code="v">Pictorial works</subfield>
      <subfield code="v">Specimens.</subfield>
   </datafield>
   <datafield ind1=" " ind2="0" tag="650">
      <subfield code="a">Horses</subfield>
      <subfield code="v">Pictorial works</subfield>
      <subfield code="v">Specimens.</subfield>
   </datafield>
   <datafield ind1=" " ind2="0" tag="650">
      <subfield code="a">Bhil (Indic people)</subfield>
      <subfield code="v">Pictorial works</subfield>
      <subfield code="v">Specimens.</subfield>
   </datafield>
   <datafield ind1=" " ind2="0" tag="650">
      <subfield code="a">Angels</subfield>
      <subfield code="x">Islam</subfield>
      <subfield code="v">Pictorial works</subfield>
      <subfield code="v">Specimens.</subfield>
   </datafield>
   <datafield ind1=" " ind2="0" tag="650">
      <subfield code="a">Parrots</subfield>
      <subfield code="v">Pictorial works</subfield>
      <subfield code="v">Specimens.</subfield>
   </datafield>
   <datafield ind1=" " ind2="0" tag="650">
      <subfield code="a">Chishtīyah.</subfield>
   </datafield>
   <datafield ind1=" " ind2="0" tag="650">
      <subfield code="a">Mogul courts and courtiers</subfield>
      <subfield code="v">Pictorial works</subfield>
      <subfield code="v">Specimens.</subfield>
   </datafield>
   <datafield ind1=" " ind2="0" tag="650">
      <subfield code="a">Courts and courtiers</subfield>
      <subfield code="z">Mogul Empire</subfield>
      <subfield code="v">Pictorial works</subfield>
      <subfield code="v">Specimens.</subfield>
   </datafield>
   <datafield ind1="0" ind2="0" tag="630">
      <subfield code="a">Yūsuf and Zulaykhā</subfield>
      <subfield code="v">Portraits</subfield>
      <subfield code="v">Specimens.</subfield>
   </datafield>
   <datafield ind1=" " ind2="0" tag="650">
      <subfield code="a">Polo</subfield>
      <subfield code="v">Pictorial works</subfield>
      <subfield code="v">Specimens.</subfield>
   </datafield>
   <datafield ind1=" " ind2="0" tag="650">
      <subfield code="a">Hunting</subfield>
      <subfield code="v">Pictorial works</subfield>
      <subfield code="v">Specimens.</subfield>
   </datafield>
   <datafield ind1=" " ind2="0" tag="650">
      <subfield code="a">Birds of prey</subfield>
      <subfield code="v">Pictorial works</subfield>
      <subfield code="v">Specimens.</subfield>
   </datafield>
   <datafield ind1=" " ind2="0" tag="650">
      <subfield code="a">Artillery</subfield>
      <subfield code="v">Pictorial works</subfield>
      <subfield code="v">Specimens.</subfield>
   </datafield>
   <datafield ind1=" " ind2="0" tag="650">
      <subfield code="a">Elephants</subfield>
      <subfield code="v">Pictorial works</subfield>
      <subfield code="v">Specimens.</subfield>
   </datafield>
   <datafield ind1=" " ind2="0" tag="650">
      <subfield code="a">Tigers</subfield>
      <subfield code="v">Pictorial works</subfield>
      <subfield code="v">Specimens.</subfield>
   </datafield>
   <datafield ind1=" " ind2="0" tag="650">
      <subfield code="a">Sea monsters</subfield>
      <subfield code="v">Pictorial works</subfield>
      <subfield code="v">Specimens.</subfield>
   </datafield>
   <datafield ind1=" " ind2="0" tag="650">
      <subfield code="a">Dragons</subfield>
      <subfield code="v">Pictorial works</subfield>
      <subfield code="v">Specimens.</subfield>
   </datafield>
   <datafield ind1=" " ind2="0" tag="650">
      <subfield code="a">Animals, Mythical</subfield>
      <subfield code="v">Pictorial works</subfield>
      <subfield code="v">Specimens.</subfield>
   </datafield>
   <datafield ind1=" " ind2="0" tag="650">
      <subfield code="a">Peacocks</subfield>
      <subfield code="v">Pictorial works</subfield>
      <subfield code="v">Specimens.</subfield>
   </datafield>
   <datafield ind1=" " ind2="0" tag="650">
      <subfield code="a">Muslim saints</subfield>
      <subfield code="v">Portraits</subfield>
      <subfield code="v">Specimens.</subfield>
   </datafield>
   <datafield ind1=" " ind2="0" tag="650">
      <subfield code="a">Basmalah</subfield>
      <subfield code="v">Pictorial works</subfield>
      <subfield code="v">Specimens.</subfield>
   </datafield>
   <datafield ind1=" " ind2="7" tag="655">
      <subfield code="a">Manuscripts, Persian.</subfield>
      <subfield code="2">lcsh</subfield>
   </datafield>
   <datafield ind1=" " ind2="7" tag="655">
      <subfield code="a">Manuscripts, Arabic.</subfield>
      <subfield code="2">lcsh</subfield>
   </datafield>
   <datafield ind1=" " ind2="7" tag="655">
      <subfield code="a">Miniatures (Illuminations).</subfield>
      <subfield code="2">gmgpc</subfield>
   </datafield>
   <datafield ind1=" " ind2="7" tag="655">
      <subfield code="a">Calligraphy, Arabic.</subfield>
      <subfield code="2">lcsh</subfield>
   </datafield>
   <datafield ind1=" " ind2="7" tag="655">
      <subfield code="a">Miniatures (Illuminations)</subfield>
      <subfield code="z">India</subfield>
      <subfield code="y">17th century.</subfield>
      <subfield code="2">gmgpc</subfield>
   </datafield>
   <datafield ind1=" " ind2="7" tag="655">
      <subfield code="a">Miniatures (Illuminations)</subfield>
      <subfield code="z">India</subfield>
      <subfield code="y">18th century.</subfield>
      <subfield code="2">gmgpc</subfield>
   </datafield>
   <datafield ind1=" " ind2="7" tag="655">
      <subfield code="a">Miniatures (Illuminations)</subfield>
      <subfield code="z">India</subfield>
      <subfield code="y">19th century.</subfield>
      <subfield code="2">gmgpc</subfield>
   </datafield>
   <datafield ind1=" " ind2="7" tag="655">
      <subfield code="a">Islamic painting</subfield>
      <subfield code="z">India.</subfield>
      <subfield code="2">lcsh</subfield>
   </datafield>
   <datafield ind1=" " ind2="7" tag="655">
      <subfield code="a">Erotic painting</subfield>
      <subfield code="z">India</subfield>
      <subfield code="y">18th century.</subfield>
      <subfield code="2">lcsh</subfield>
   </datafield>
   <datafield ind1=" " ind2="7" tag="655">
      <subfield code="a">Rāgamālā painting.</subfield>
      <subfield code="2">lcsh</subfield>
   </datafield>
   <datafield ind1=" " ind2="7" tag="655">
      <subfield code="a">Composite portraits.</subfield>
      <subfield code="2">aat</subfield>
   </datafield>
   <datafield ind1="1" ind2="2" tag="700">
      <subfield code="6">880-05</subfield>
      <subfield code="a">Mashhadī, Sulṭān ʻAlī.</subfield>
      <subfield code="4">cll</subfield>
   </datafield>
   <datafield ind1="1" ind2="2" tag="700">
      <subfield code="6">880-06</subfield>
      <subfield code="a">Ḥusaynī, ʻImād,</subfield>
      <subfield code="d">17th cent.</subfield>
      <subfield code="4">cll</subfield>
   </datafield>
   <datafield ind1="0" ind2="2" tag="700">
      <subfield code="6">880-07</subfield>
      <subfield code="a">Mīr ʻAlī,</subfield>
      <subfield code="d">17th cent.</subfield>
      <subfield code="4">cll</subfield>
   </datafield>
   <datafield ind1="0" ind2="2" tag="700">
      <subfield code="6">880-08</subfield>
      <subfield code="a">Muḥammad Muʻīn ʻAlī,</subfield>
      <subfield code="d">18th cent.</subfield>
      <subfield code="4">cll</subfield>
   </datafield>
   <datafield ind1="0" ind2="2" tag="700">
      <subfield code="6">880-09</subfield>
      <subfield code="a">Muḥammad ʻAlī,</subfield>
      <subfield code="d">fl. 1719.</subfield>
      <subfield code="4">cll</subfield>
   </datafield>
   <datafield ind1="0" ind2="2" tag="700">
      <subfield code="6">880-10</subfield>
      <subfield code="a">Muḥammad Ibrāhīm,</subfield>
      <subfield code="d">17th cent.</subfield>
      <subfield code="4">cll</subfield>
   </datafield>
   <datafield ind1="0" ind2="2" tag="700">
      <subfield code="6">880-11</subfield>
      <subfield code="a">Iṣfahānī, Muḥammad Badīʻ,</subfield>
      <subfield code="d">fl. 1710.</subfield>
      <subfield code="4">cll</subfield>
   </datafield>
   <datafield ind1="0" ind2="2" tag="700">
      <subfield code="6">880-12</subfield>
      <subfield code="a">Tajallī ʻAlī Shāh,</subfield>
      <subfield code="d">fl. 1775.</subfield>
      <subfield code="4">cll</subfield>
   </datafield>
   <datafield ind1="0" ind2="2" tag="700">
      <subfield code="6">880-13</subfield>
      <subfield code="a">Ḥusaynī, Muḥammad ʻĀbid.</subfield>
      <subfield code="4">cll</subfield>
   </datafield>
   <datafield ind1="0" ind2="2" tag="700">
      <subfield code="6">880-14</subfield>
      <subfield code="a">Muḥammad Karīm,</subfield>
      <subfield code="d">fl. 1672.</subfield>
      <subfield code="4">cll</subfield>
   </datafield>
   <datafield ind1="0" ind2="2" tag="700">
      <subfield code="6">880-15</subfield>
      <subfield code="a">Anup Chittaur,</subfield>
      <subfield code="d">17th cent.</subfield>
      <subfield code="4">art</subfield>
   </datafield>
   <datafield ind1="0" ind2="2" tag="700">
      <subfield code="6">880-16</subfield>
      <subfield code="a">Zayn al-Ḥaqq,</subfield>
      <subfield code="d">18th cent.</subfield>
      <subfield code="4">cll</subfield>
   </datafield>
   <datafield ind1="0" ind2="2" tag="700">
      <subfield code="6">880-17</subfield>
      <subfield code="a">Zarrīn Raqam,</subfield>
      <subfield code="d">18th cent.</subfield>
      <subfield code="4">cll</subfield>
   </datafield>
   <datafield ind1="0" ind2="2" tag="700">
      <subfield code="6">880-18</subfield>
      <subfield code="a">Asad Allāh,</subfield>
      <subfield code="d">18th cent.</subfield>
      <subfield code="4">cll</subfield>
   </datafield>
   <datafield ind1="0" ind2="2" tag="700">
      <subfield code="6">880-19</subfield>
      <subfield code="a">Muḥammad Afḍal,</subfield>
      <subfield code="d">18th cent.</subfield>
      <subfield code="4">cll</subfield>
   </datafield>
   <datafield ind1="0" ind2="2" tag="700">
      <subfield code="6">880-20</subfield>
      <subfield code="a">Muṣṭafá Khān.</subfield>
      <subfield code="4">cll</subfield>
   </datafield>
   <datafield ind1="0" ind2="2" tag="700">
      <subfield code="6">880-21</subfield>
      <subfield code="a">ʻAbd Allāh,</subfield>
      <subfield code="d">17th cent.</subfield>
      <subfield code="4">cll</subfield>
   </datafield>
   <datafield ind1="0" ind2="2" tag="700">
      <subfield code="6">880-23</subfield>
      <subfield code="a">Aṭhar, Muḥammad.</subfield>
      <subfield code="4">cll</subfield>
   </datafield>
   <datafield ind1="0" ind2="2" tag="700">
      <subfield code="6">880-24</subfield>
      <subfield code="a">Mughalkhān.</subfield>
      <subfield code="4">cll</subfield>
   </datafield>
   <datafield ind1="0" ind2="2" tag="700">
      <subfield code="6">880-25</subfield>
      <subfield code="a">Jamāl Allāh Khān.</subfield>
      <subfield code="4">cll</subfield>
   </datafield>
   <datafield ind1="0" ind2="2" tag="700">
      <subfield code="6">880-26</subfield>
      <subfield code="a">Dalīr, Muḥammad,</subfield>
      <subfield code="d">18th cent.</subfield>
      <subfield code="4">cll</subfield>
   </datafield>
   <datafield ind1="0" ind2="2" tag="700">
      <subfield code="6">880-27</subfield>
      <subfield code="a">Rūshan Raqam,</subfield>
      <subfield code="d">18th cent.</subfield>
      <subfield code="4">cll</subfield>
   </datafield>
   <datafield ind1="0" ind2="2" tag="700">
      <subfield code="6">880-28</subfield>
      <subfield code="a">Javāhir Raqam-i Thānī.</subfield>
      <subfield code="4">cll</subfield>
   </datafield>
   <datafield ind1="0" ind2="2" tag="700">
      <subfield code="6">880-29</subfield>
      <subfield code="a">Muḥammad ʻAlī Gawhar,</subfield>
      <subfield code="d">18th cent.</subfield>
      <subfield code="4">cll</subfield>
   </datafield>
   <datafield ind1="1" ind2="2" tag="700">
      <subfield code="6">880-30</subfield>
      <subfield code="a">Fakhkhār, Muḥammad.</subfield>
      <subfield code="4">cll</subfield>
   </datafield>
   <datafield ind1="1" ind2="2" tag="700">
      <subfield code="6">880-31</subfield>
      <subfield code="a">Mūsawī, Abū al-Baqāʾ,</subfield>
      <subfield code="d">17th cent.</subfield>
      <subfield code="4">cll</subfield>
   </datafield>
   <datafield ind1="0" ind2="2" tag="700">
      <subfield code="6">880-32</subfield>
      <subfield code="a">Kifāyat Khān,</subfield>
      <subfield code="d">18th cent.</subfield>
      <subfield code="4">cll</subfield>
   </datafield>
   <datafield ind1="0" ind2="2" tag="700">
      <subfield code="6">880-33</subfield>
      <subfield code="a">Ismāʻīl,</subfield>
      <subfield code="d">18th cent.</subfield>
      <subfield code="4">cll</subfield>
   </datafield>
   <datafield ind1="0" ind2="2" tag="700">
      <subfield code="6">880-34</subfield>
      <subfield code="a">Ilyās Bahādur,</subfield>
      <subfield code="d">17th cent.</subfield>
      <subfield code="4">art</subfield>
   </datafield>
   <datafield ind1="0" ind2="2" tag="700">
      <subfield code="6">880-35</subfield>
      <subfield code="a">Aḥmad Shāh,</subfield>
      <subfield code="d">18th cent.</subfield>
      <subfield code="4">cll</subfield>
   </datafield>
   <datafield ind1="1" ind2="2" tag="700">
      <subfield code="6">880-36</subfield>
      <subfield code="a">Iksīr, Muḥammad ʻAẓīm,</subfield>
      <subfield code="d">18th cent.</subfield>
      <subfield code="4">cll</subfield>
   </datafield>
   <datafield ind1="1" ind2="2" tag="700">
      <subfield code="a">Malcolm, John,</subfield>
      <subfield code="d">1769-1833</subfield>
      <subfield code="4">fmo</subfield>
   </datafield>
   <datafield ind1="0" ind2="0" tag="880">
      <subfield code="6">600-01/(3/r</subfield>
      <subfield code="a">دارا شكوه</subfield>
   </datafield>
   <datafield ind1="0" ind2="0" tag="880">
      <subfield code="6">600-02/(3/r</subfield>
      <subfield code="a">نور جهان</subfield>
   </datafield>
   <datafield ind1="0" ind2="0" tag="880">
      <subfield code="6">600-03/(3/r</subfield>
      <subfield code="a">ابراهيم بن ادهم</subfield>
   </datafield>
   <datafield ind1="0" ind2="0" tag="880">
      <subfield code="6">600-04/(3/r</subfield>
      <subfield code="a">نظام الدين اوليا</subfield>
   </datafield>
   <datafield ind1="1" ind2="2" tag="880">
      <subfield code="6">700-05/(3/r</subfield>
      <subfield code="a">مشهدي، سلطان علي</subfield>
   </datafield>
   <datafield ind1="1" ind2="2" tag="880">
      <subfield code="6">700-06/(3/r</subfield>
      <subfield code="a">حسيني، عماد</subfield>
   </datafield>
   <datafield ind1="0" ind2="2" tag="880">
      <subfield code="6">700-07/(3/r</subfield>
      <subfield code="a">مير علي</subfield>
   </datafield>
   <datafield ind1="0" ind2="2" tag="880">
      <subfield code="6">700-08/(3/r</subfield>
      <subfield code="a">محمد معين علي</subfield>
   </datafield>
   <datafield ind1="0" ind2="2" tag="880">
      <subfield code="6">700-09/(3/r</subfield>
      <subfield code="a">محمد علي</subfield>
   </datafield>
   <datafield ind1="0" ind2="2" tag="880">
      <subfield code="6">700-10/(3/r</subfield>
      <subfield code="a">محمد ابراهيم</subfield>
   </datafield>
   <datafield ind1="0" ind2="2" tag="880">
      <subfield code="6">700-11/(3/r</subfield>
      <subfield code="a">اصفهاني، محمد بديع</subfield>
   </datafield>
   <datafield ind1="0" ind2="2" tag="880">
      <subfield code="6">700-12/(3/r</subfield>
      <subfield code="a">تجلي علي شاه</subfield>
   </datafield>
   <datafield ind1="0" ind2="2" tag="880">
      <subfield code="6">700-13/(3/r</subfield>
      <subfield code="a">حسيني، محمد عابد</subfield>
   </datafield>
   <datafield ind1="0" ind2="2" tag="880">
      <subfield code="6">700-14/(3/r</subfield>
      <subfield code="a">محمد كريم</subfield>
   </datafield>
   <datafield ind1="0" ind2="2" tag="880">
      <subfield code="6">700-15/(3/r</subfield>
      <subfield code="a">انوپ چتر</subfield>
   </datafield>
   <datafield ind1="0" ind2="2" tag="880">
      <subfield code="6">700-16/(3/r</subfield>
      <subfield code="a">زين الحق</subfield>
   </datafield>
   <datafield ind1="0" ind2="2" tag="880">
      <subfield code="6">700-17/(3/r</subfield>
      <subfield code="a">زرين رقم</subfield>
   </datafield>
   <datafield ind1="0" ind2="2" tag="880">
      <subfield code="6">700-18/(3/r</subfield>
      <subfield code="a">اسد الله</subfield>
   </datafield>
   <datafield ind1="0" ind2="2" tag="880">
      <subfield code="6">700-19/(3/r</subfield>
      <subfield code="a">محمد افضل</subfield>
   </datafield>
   <datafield ind1="0" ind2="2" tag="880">
      <subfield code="6">700-20/(3/r</subfield>
      <subfield code="a">مصطفى خان</subfield>
   </datafield>
   <datafield ind1="0" ind2="2" tag="880">
      <subfield code="6">700-21/(3/r</subfield>
      <subfield code="a">عبد الله</subfield>
   </datafield>
   <datafield ind1="0" ind2="2" tag="880">
      <subfield code="6">700-22/(3/r</subfield>
      <subfield code="a">مير علي</subfield>
   </datafield>
   <datafield ind1="0" ind2="2" tag="880">
      <subfield code="6">700-23/(3/r</subfield>
      <subfield code="a">اطهر، محمد</subfield>
   </datafield>
   <datafield ind1="0" ind2="2" tag="880">
      <subfield code="6">700-24/(3/r</subfield>
      <subfield code="a">مغلخان</subfield>
   </datafield>
   <datafield ind1="0" ind2="2" tag="880">
      <subfield code="6">700-25/(3/r</subfield>
      <subfield code="a">جمال الله خان</subfield>
   </datafield>
   <datafield ind1="0" ind2="2" tag="880">
      <subfield code="6">700-26/(3/r</subfield>
      <subfield code="a">دلير، محمد</subfield>
   </datafield>
   <datafield ind1="0" ind2="2" tag="880">
      <subfield code="6">700-27/(3/r</subfield>
      <subfield code="a">روشن رقم</subfield>
   </datafield>
   <datafield ind1="0" ind2="2" tag="880">
      <subfield code="6">700-28/(3/r</subfield>
      <subfield code="a">جواهر رقم ثاني</subfield>
   </datafield>
   <datafield ind1="0" ind2="2" tag="880">
      <subfield code="6">700-29/(3/r</subfield>
      <subfield code="a">محمد علي گوهر</subfield>
   </datafield>
   <datafield ind1="1" ind2="2" tag="880">
      <subfield code="6">700-30/(3/r</subfield>
      <subfield code="a">فخار، محمد</subfield>
   </datafield>
   <datafield ind1="1" ind2="2" tag="880">
      <subfield code="6">700-31/(3/r</subfield>
      <subfield code="a">موسوي، ابو البقاء</subfield>
   </datafield>
   <datafield ind1="0" ind2="2" tag="880">
      <subfield code="6">700-32/(3/r</subfield>
      <subfield code="a">كفايت خان</subfield>
   </datafield>
   <datafield ind1="0" ind2="2" tag="880">
      <subfield code="6">700-33/(3/r</subfield>
      <subfield code="a">اسماعيل</subfield>
   </datafield>
   <datafield ind1="0" ind2="2" tag="880">
      <subfield code="6">700-34/(3/r</subfield>
      <subfield code="a">الياس بهادر</subfield>
   </datafield>
   <datafield ind1="0" ind2="2" tag="880">
      <subfield code="6">700-35/(3/r</subfield>
      <subfield code="a">احمد شاه</subfield>
   </datafield>
   <datafield ind1="1" ind2="2" tag="880">
      <subfield code="6">700-36/(3/r</subfield>
      <subfield code="a">اكسير، محمد عظيم</subfield>
   </datafield>
   <datafield ind1="4" ind2="1" tag="856">
      <subfield code="u">http://arks.princeton.edu/ark:/88435/bg257f113</subfield>
   </datafield>
</record>