<record xmlns="http://www.loc.gov/MARC21/slim" xmlns:xsi="http://www.w3.org/2001/XMLSchema-instance">
   <leader>02809ctm a2200481Ia 4500</leader>
   <controlfield tag="001">4821985</controlfield>
   <controlfield tag="005">20120530091835.0</controlfield>
   <controlfield tag="008">060815s1556    tu            000 0 ara d</controlfield>
   <datafield ind1=" " ind2=" " tag="035">
      <subfield code="a">(OCoLC)ocn179832650</subfield>
   </datafield>
   <datafield ind1=" " ind2=" " tag="035">
      <subfield code="a">(OCoLC)ocm70900953</subfield>
   </datafield>
   <datafield ind1=" " ind2=" " tag="040">
      <subfield code="a">PUL</subfield>
      <subfield code="e">amremm</subfield>
      <subfield code="c">PUL</subfield>
      <subfield code="d">PUL</subfield>
   </datafield>
   <datafield ind1=" " ind2=" " tag="035">
      <subfield code="a">(OCoLC)179832650</subfield>
   </datafield>
   <datafield ind1=" " ind2=" " tag="035">
      <subfield code="a">(NjP)4821985</subfield>
   </datafield>
   <datafield ind1=" " ind2=" " tag="043">
      <subfield code="a">n-us-nj</subfield>
      <subfield code="a">a-tu---</subfield>
   </datafield>
   <datafield ind1=" " ind2=" " tag="079">
      <subfield code="a">ocm70900953</subfield>
   </datafield>
   <datafield ind1=" " ind2=" " tag="049">
      <subfield code="a">PULL</subfield>
   </datafield>
   <datafield ind1="0" ind2="0" tag="245">
      <subfield code="a">[Glosses on al-Shirwānī's commentary on Samarqandī's Risālah fī ādāb al-baḥth]</subfield>
   </datafield>
   <datafield ind1=" " ind2=" " tag="260">
      <subfield code="a">[Istanbul,</subfield>
      <subfield code="c">1556]</subfield>
   </datafield>
   <datafield ind1=" " ind2=" " tag="300">
      <subfield code="a">56, i leaves :</subfield>
      <subfield code="b">paper ;</subfield>
      <subfield code="c">160 x 116 (105 x 42) mm. bound to 160 x 117 mm.</subfield>
   </datafield>
   <datafield ind1=" " ind2=" " tag="500">
      <subfield code="a">Ms. codex.</subfield>
   </datafield>
   <datafield ind1=" " ind2=" " tag="500">
      <subfield code="a">Title supplied by cataloger.</subfield>
   </datafield>
   <datafield ind1="8" ind2=" " tag="520">
      <subfield code="a">Collection containing two glosses on al-Shirwānī's commentary on Samarqandī's Risālah fī ādāb al-baḥth.</subfield>
   </datafield>
   <datafield ind1=" " ind2=" " tag="500">
      <subfield code="a">17 lines per page. Written in small but very clear naskh in black ink with use of red for "qāla" and "qawluhu", and to overline important words. In text no. 2, notes on content written in red in the margin. European glazed paper with watermarks; fol. 9 [prev. 8] is a later replacement. Contains a few notes in the margin and some collation notes. Modern foliation in pencil using Western numerals (starts on fol. 2; between fol. 35 and 38 [prev. 34 and 35], two fol. blank).</subfield>
   </datafield>
   <datafield ind1=" " ind2=" " tag="500">
      <subfield code="a">Collation: Paper, fol. 56 + i (modern endpaper) ; 1⁸ (+1, fol. 9) 2-3¹⁰ 4⁸ 5¹⁰ 6⁸ (+1, fol. 48) ; catchword on the verso of each leaf.</subfield>
   </datafield>
   <datafield ind1=" " ind2=" " tag="500">
      <subfield code="a">Copied by al-Ḥājj Qāsim in Qusṭanṭinīyah in 963 (from colophons, fol. 34a and 56a).</subfield>
   </datafield>
   <datafield ind1="0" ind2=" " tag="505">
      <subfield code="a">1. fol. 1a-34a: Risālah ʻalá Mawlá al-ʻImād al-muḥashshī ʻalá Sharḥ al-Fāḍil Masʻūd al-Rūmī / Ibn Shujāʻ al-Dīn al-shahīr bi-Khazramah.</subfield>
   </datafield>
   <datafield ind1="8" ind2=" " tag="505">
      <subfield code="a">2. fol. 34b-37b: [blank].</subfield>
   </datafield>
   <datafield ind1="8" ind2=" " tag="505">
      <subfield code="a">3. fol. 38a-56a: Risālah ʻalá Sharḥ al-fāḍil Masʻūd al-Rūmī / Jalāl al-Dīn [al-Dawwānī].</subfield>
   </datafield>
   <datafield ind1=" " ind2=" " tag="561">
      <subfield code="a">Acquired from Brill, Leyden, 1925, from the books of Murād Bey Bārūdī (Beirut).</subfield>
   </datafield>
   <datafield ind1=" " ind2=" " tag="563">
      <subfield code="a">Stiffened brown leather. Each cover has an outer ruled border made of three blind fillets; half of the upper cover is missing.</subfield>
   </datafield>
   <datafield ind1=" " ind2=" " tag="541">
      <subfield code="c">Gift ;</subfield>
      <subfield code="a">Robert Garrett, Class of 1897 ;</subfield>
      <subfield code="d">1942.</subfield>
   </datafield>
   <datafield ind1="4" ind2=" " tag="510">
      <subfield code="a">Hitti, P. Garrett coll.,</subfield>
      <subfield code="c">2139</subfield>
   </datafield>
   <datafield ind1=" " ind2="0" tag="650">
      <subfield code="a">Logic, Medieval</subfield>
      <subfield code="v">Early works to 1800.</subfield>
   </datafield>
   <datafield ind1=" " ind2="0" tag="650">
      <subfield code="a">Dialectic</subfield>
      <subfield code="v">Early works to 1800.</subfield>
   </datafield>
   <datafield ind1=" " ind2="0" tag="650">
      <subfield code="a">Manuscripts, Arabic</subfield>
      <subfield code="z">New Jersey</subfield>
      <subfield code="z">Princeton.</subfield>
   </datafield>
   <datafield ind1=" " ind2="7" tag="655">
      <subfield code="a">Manuscripts, Arabic</subfield>
      <subfield code="z">Turkey</subfield>
      <subfield code="z">Istanbul</subfield>
      <subfield code="y">16th century.</subfield>
      <subfield code="2">lcsh</subfield>
   </datafield>
   <datafield ind1=" " ind2="7" tag="655">
      <subfield code="a">Manuscripts, Arabic</subfield>
      <subfield code="y">16th century.</subfield>
      <subfield code="2">lcsh</subfield>
   </datafield>
   <datafield ind1="0" ind2=" " tag="774">
      <subfield code="w">4822000</subfield>
   </datafield>
   <datafield ind1="0" ind2=" " tag="774">
      <subfield code="w">4821998</subfield>
   </datafield>
   <datafield ind1="4" ind2="1" tag="856">
      <subfield code="u">http://arks.princeton.edu/ark:/88435/6q182k19d</subfield>
   </datafield>
</record>