<record xmlns="http://www.loc.gov/MARC21/slim" xmlns:xsi="http://www.w3.org/2001/XMLSchema-instance">
   <leader>03639ctm a2200517Ia 4500</leader>
   <controlfield tag="001">4683262</controlfield>
   <controlfield tag="005">20111107130157.0</controlfield>
   <controlfield tag="008">060308s1229    xx a          000 0 ara d</controlfield>
   <datafield ind1=" " ind2=" " tag="035">
      <subfield code="a">(OCoLC)ocm64577390</subfield>
   </datafield>
   <datafield ind1=" " ind2=" " tag="040">
      <subfield code="a">PUL</subfield>
      <subfield code="c">PUL</subfield>
      <subfield code="e">amremm</subfield>
   </datafield>
   <datafield ind1=" " ind2=" " tag="043">
      <subfield code="a">n-us-nj</subfield>
   </datafield>
   <datafield ind1="1" ind2=" " tag="100">
      <subfield code="6">880-01</subfield>
      <subfield code="a">Ṭūsī, Naṣīr al-Dīn Muḥammad ibn Muḥammad,</subfield>
      <subfield code="d">1201-1274.</subfield>
   </datafield>
   <datafield ind1="1" ind2="0" tag="245">
      <subfield code="6">880-02</subfield>
      <subfield code="a">Taḥrīr Kitāb Mānālāwis fī al-ashkāl al-kurīyah.</subfield>
   </datafield>
   <datafield ind1="3" ind2=" " tag="246">
      <subfield code="a">Taḥrīr Kitāb Mānālāwus fī al-ashkāl al-kurīyah</subfield>
   </datafield>
   <datafield ind1="1" ind2=" " tag="246">
      <subfield code="6">880-03</subfield>
      <subfield code="i">Title on modern spine label :</subfield>
      <subfield code="a">Kitāb Mānālāwis fī al-ashkāl al-kurīyah</subfield>
   </datafield>
   <datafield ind1="1" ind2=" " tag="246">
      <subfield code="6">880-04</subfield>
      <subfield code="i">Title on title page :</subfield>
      <subfield code="a">Kitāb Taḥrīr Kitāb Mānālāwis fī al-ashkāl al-kurīyah lil-Ṭūsī</subfield>
   </datafield>
   <datafield ind1=" " ind2=" " tag="260">
      <subfield code="c">[1229 or 1230?]</subfield>
   </datafield>
   <datafield ind1=" " ind2=" " tag="300">
      <subfield code="a">83 leaves :</subfield>
      <subfield code="b">paper, ill. ;</subfield>
      <subfield code="c">193 x 85 (128 x 42) mm. bound to 192 x 98 mm.</subfield>
   </datafield>
   <datafield ind1=" " ind2=" " tag="500">
      <subfield code="a">Ms. codex.</subfield>
   </datafield>
   <datafield ind1=" " ind2=" " tag="500">
      <subfield code="a">Title from opening rubric (fol. 3b).</subfield>
   </datafield>
   <datafield ind1="8" ind2=" " tag="520">
      <subfield code="a">Edition of the Spherics of Menelaos of Alexandria mentioning the editions by al-Māhānī, Aḥmad ibn Abī Saʻd al-Harawī and Manṣūr ibn ʻAlī ibn ʻIrāq.</subfield>
   </datafield>
   <datafield ind1=" " ind2=" " tag="500">
      <subfield code="a">18 long lines per page. Written in a script tending to shikastah, using black ink and some red. Dark cream paper, glossy, with horizontal laid lines visible. The text is illustrated with numerous diagrams in black and red ink. Abundant marginalia; one leaf is damaged so that parts of the marginalia are lost (see fol. 42). Catchwords on the verso of each leaf.</subfield>
   </datafield>
   <datafield ind1=" " ind2=" " tag="500">
      <subfield code="a">Text begins on fol. 3b.</subfield>
   </datafield>
   <datafield ind1=" " ind2=" " tag="500">
      <subfield code="a">According to the colophon, copied in 627 H. (fol. 83b). Hitti suggests however a later date (15th cent.?).</subfield>
   </datafield>
   <datafield ind1=" " ind2=" " tag="561">
      <subfield code="a">Acquired from Murād Bey Bārūdī, Beirut, 1925.</subfield>
   </datafield>
   <datafield ind1=" " ind2=" " tag="563">
      <subfield code="a">Dark-brown leather over paper pasteboard. There are gold-tooled frames on the upper and lower covers: a central rectangular frame formed of two lines and an outer frame formed of one border of gold stamped S-shapes forming a cablework pattern, with two gold lines on each side. Modern pastedowns and fly-leaves added.</subfield>
   </datafield>
   <datafield ind1=" " ind2=" " tag="541">
      <subfield code="c">Gift ;</subfield>
      <subfield code="a">Robert Garrett, Class of 1897 ;</subfield>
      <subfield code="d">1942.</subfield>
   </datafield>
   <datafield ind1="4" ind2=" " tag="510">
      <subfield code="a">Hitti, P. Garrett coll.,</subfield>
      <subfield code="c">1055</subfield>
   </datafield>
   <datafield ind1="4" ind2=" " tag="510">
      <subfield code="a">Brockelmann, C. GAL,</subfield>
      <subfield code="c">I, 511/24</subfield>
   </datafield>
   <datafield ind1="4" ind2=" " tag="510">
      <subfield code="a">Brockelmann, C. GAL,</subfield>
      <subfield code="c">SI, 929/24</subfield>
   </datafield>
   <datafield ind1="4" ind2=" " tag="510">
      <subfield code="a">Sezgin, F. GAS,</subfield>
      <subfield code="c">V, 162-163</subfield>
   </datafield>
   <datafield ind1=" " ind2="0" tag="650">
      <subfield code="a">Mathematics, Arab</subfield>
      <subfield code="v">Early works to 1800.</subfield>
   </datafield>
   <datafield ind1=" " ind2="0" tag="650">
      <subfield code="a">Spherical trigonometry</subfield>
      <subfield code="v">Early works to 1800.</subfield>
   </datafield>
   <datafield ind1="0" ind2="0" tag="600">
      <subfield code="a">Menelaus,</subfield>
      <subfield code="c">of Alexandria.</subfield>
      <subfield code="t">Spherica.</subfield>
   </datafield>
   <datafield ind1=" " ind2="0" tag="650">
      <subfield code="a">Manuscripts, Arabic</subfield>
      <subfield code="z">New Jersey</subfield>
      <subfield code="z">Princeton.</subfield>
   </datafield>
   <datafield ind1=" " ind2="7" tag="655">
      <subfield code="a">Manuscripts, Arabic</subfield>
      <subfield code="y">13th century.</subfield>
      <subfield code="2">lcsh</subfield>
   </datafield>
   <datafield ind1="0" ind2=" " tag="700">
      <subfield code="a">Menelaus,</subfield>
      <subfield code="c">of Alexandria.</subfield>
      <subfield code="t">Spherica.</subfield>
   </datafield>
   <datafield ind1="1" ind2=" " tag="880">
      <subfield code="6">100-01//r</subfield>
      <subfield code="a">طوسي، نصير الدين محمد بن محمد.</subfield>
   </datafield>
   <datafield ind1="1" ind2="0" tag="880">
      <subfield code="6">245-02//r</subfield>
      <subfield code="a">تحرير كتاب مانالاوس في الاشكال الكرية.</subfield>
   </datafield>
   <datafield ind1="1" ind2=" " tag="880">
      <subfield code="6">246-03//r</subfield>
      <subfield code="a">كتاب مانالاوس في الاشكال الكرية</subfield>
   </datafield>
   <datafield ind1="1" ind2=" " tag="880">
      <subfield code="6">246-04//r</subfield>
      <subfield code="a">كتاب تحرير كتاب مانالاوس في الاشكال الكرية للطوسي</subfield>
   </datafield>
   <datafield ind1=" " ind2=" " tag="880">
      <subfield code="6">500-00//r</subfield>
      <subfield code="a">Incipit: اقول بعد حمد الله والثناء عليه ... اني كنت اريد ان احرر الكتب الموسومة بالمتوسطات</subfield>
   </datafield>
   <datafield ind1=" " ind2=" " tag="880">
      <subfield code="6">500-00//r</subfield>
      <subfield code="a">Explicit: قائم من زوية ا ه ب اصغر من قائم وكذلك زوية ه ا ب زذلك ما اردناه اقول فهذا الشكل ليس بمنسى على ما يتقدمه من هذا الكتاب</subfield>
   </datafield>
   <datafield ind1="4" ind2="1" tag="856">
      <subfield code="u">http://arks.princeton.edu/ark:/88435/m039k493g</subfield>
   </datafield>
   <datafield ind1="4" ind2="1" tag="856">
      <subfield code="u">http://arks.princeton.edu/ark:/88435/3197xm10v</subfield>
   </datafield>
</record>