<record xmlns="http://www.loc.gov/MARC21/slim" xmlns:xsi="http://www.w3.org/2001/XMLSchema-instance">
   <leader>03162ctm a2200409Ia 4500</leader>
   <controlfield tag="001">4695659</controlfield>
   <controlfield tag="005">20111114114208.0</controlfield>
   <controlfield tag="008">060404s1672    xx            000 0 ara d</controlfield>
   <datafield ind1=" " ind2=" " tag="035">
      <subfield code="a">(OCoLC)ocm65465497</subfield>
   </datafield>
   <datafield ind1=" " ind2=" " tag="040">
      <subfield code="a">PUL</subfield>
      <subfield code="c">PUL</subfield>
      <subfield code="e">amremm</subfield>
   </datafield>
   <datafield ind1=" " ind2=" " tag="043">
      <subfield code="a">n-us-nj</subfield>
   </datafield>
   <datafield ind1=" " ind2=" " tag="049">
      <subfield code="a">PULL</subfield>
   </datafield>
   <datafield ind1="0" ind2="0" tag="245">
      <subfield code="6">880-01</subfield>
      <subfield code="a">Tarjamat al-Zabūr al-sharīf.</subfield>
   </datafield>
   <datafield ind1="3" ind2="0" tag="246">
      <subfield code="6">880-02</subfield>
      <subfield code="a">Zabūr al-sharīf</subfield>
   </datafield>
   <datafield ind1=" " ind2=" " tag="260">
      <subfield code="c">[1672]</subfield>
   </datafield>
   <datafield ind1=" " ind2=" " tag="300">
      <subfield code="a">118 leaves :</subfield>
      <subfield code="b">paper ;</subfield>
      <subfield code="c">215 x 162 (125 x 87) mm. bound to 212 x 170 mm.</subfield>
   </datafield>
   <datafield ind1=" " ind2=" " tag="500">
      <subfield code="a">Ms. codex.</subfield>
   </datafield>
   <datafield ind1=" " ind2=" " tag="500">
      <subfield code="a">Title from title page (fol. 1a).</subfield>
   </datafield>
   <datafield ind1="8" ind2=" " tag="520">
      <subfield code="a">An apocryphal Islamicized version of the Psalms of David, where psalms are mixed with God's answers in the form of "Yā Dā'ud".</subfield>
   </datafield>
   <datafield ind1=" " ind2=" " tag="500">
      <subfield code="a">9 long lines per page. Written in medium small naskh, using black ink with some red for punctuation and decoration of the headings. European paper with watermark. Catchword on the verso of each leaf. Modern foliation with pencil using Western numerals.</subfield>
   </datafield>
   <datafield ind1=" " ind2=" " tag="500">
      <subfield code="a">The text proper seems to end on fol. 115a, followed by biographical details about David (ff. 115a-117a).</subfield>
   </datafield>
   <datafield ind1=" " ind2=" " tag="500">
      <subfield code="a">Copied by al-Sayyid Jamāl al-Dīn ibn al-Sayyid Muḥammad ibn al-Masadī on 18(?) Rabīʻ al-Awwal 1083 ("mā khalat min shahr Rabīʻ al-anwar 12 yawman", colophon, fol. 117b, ending with verses).</subfield>
   </datafield>
   <datafield ind1=" " ind2=" " tag="500">
      <subfield code="a">This text is identical with the text published in part by L. Cheikho in Mélanges de la Faculté orientale de l'Université Saint-Joseph (Beyrouth), IV (1910): pp. 47-56, except that in our copy, the psalms are not called "sūrah". For other versions of the "Islamicized psalms", see Krarup, Ove Chr. Auswahl Pseudo-Davidischer Psalmen. Köbenhavn : Gad, 1909; Verzeichnis der orientalichen Handschriften in Deutschland 17.B2 / nr. 97; VOHD 17.B1 / nr. 512; Majallat al-Majmaʻ al-ʻIlmī al-ʻArabī, XII (1932), 627-632 and XIII (1933), 341-342.</subfield>
   </datafield>
   <datafield ind1=" " ind2=" " tag="561">
      <subfield code="a">Acquired by Robert Garrett from Brill, Leyden, 1925, from the books of Murād Bey Bārūdī (Beirut).</subfield>
   </datafield>
   <datafield ind1=" " ind2=" " tag="563">
      <subfield code="a">Upper and lower covers and envelope flap made of dark brown leather over pasteboards; embossed glazed paper with interweaving flower pattern pasted on the upper and lower covers (almost completely missing on the lower cover).</subfield>
   </datafield>
   <datafield ind1="4" ind2=" " tag="510">
      <subfield code="a">Hitti, P. Garrett coll.,</subfield>
      <subfield code="c">1987</subfield>
   </datafield>
   <datafield ind1=" " ind2=" " tag="541">
      <subfield code="c">Gift ;</subfield>
      <subfield code="a">Robert Garrett, Class of 1897 ;</subfield>
      <subfield code="d">1942.</subfield>
   </datafield>
   <datafield ind1=" " ind2="0" tag="650">
      <subfield code="a">Manuscripts, Arabic</subfield>
      <subfield code="z">New Jersey</subfield>
      <subfield code="z">Princeton.</subfield>
   </datafield>
   <datafield ind1=" " ind2="7" tag="655">
      <subfield code="a">Manuscripts, Arabic</subfield>
      <subfield code="y">17th century.</subfield>
      <subfield code="2">lcsh</subfield>
   </datafield>
   <datafield ind1="0" ind2="2" tag="730">
      <subfield code="a">Bible.</subfield>
      <subfield code="p">O.T.</subfield>
      <subfield code="p">Psalms.</subfield>
   </datafield>
   <datafield ind1="0" ind2="0" tag="880">
      <subfield code="6">245-01//r</subfield>
      <subfield code="a">ترجمة الزبور الشريف</subfield>
   </datafield>
   <datafield ind1="3" ind2="0" tag="880">
      <subfield code="6">246-02//r</subfield>
      <subfield code="a">زبور الشريف</subfield>
   </datafield>
   <datafield ind1=" " ind2=" " tag="880">
      <subfield code="6">500-00//r</subfield>
      <subfield code="a">Incipit: طوبى لرجل لا يسلك طريق الاثمة وفي طريق الخطّا ئين لا يقوم</subfield>
   </datafield>
   <datafield ind1=" " ind2=" " tag="880">
      <subfield code="6">500-00//r</subfield>
      <subfield code="a">Explicit: الدنيا فزاولها قريب قريب تمت قد استراح من طي ... احبّ اليّ من نفسي واهلي ومن الماء البارد هكذا انقل من وسائل الميراث</subfield>
   </datafield>
   <datafield ind1="4" ind2="1" tag="856">
      <subfield code="u">http://arks.princeton.edu/ark:/88435/2z10wq24d</subfield>
   </datafield>
   <datafield ind1="4" ind2="1" tag="856">
      <subfield code="u">http://arks.princeton.edu/ark:/88435/z890rt31c</subfield>
   </datafield>
</record>