<record xmlns="http://www.loc.gov/MARC21/slim" xmlns:xsi="http://www.w3.org/2001/XMLSchema-instance">
   <leader>04632ctm a2200493Ia 4500</leader>
   <controlfield tag="001">4822891</controlfield>
   <controlfield tag="005">20111114121239.0</controlfield>
   <controlfield tag="008">060816q15041504xx a          000 0 per d</controlfield>
   <datafield ind1=" " ind2=" " tag="035">
      <subfield code="a">(OCoLC)ocm70915107</subfield>
   </datafield>
   <datafield ind1=" " ind2=" " tag="040">
      <subfield code="a">PUL</subfield>
      <subfield code="c">PUL</subfield>
      <subfield code="e">amremm</subfield>
   </datafield>
   <datafield ind1=" " ind2=" " tag="043">
      <subfield code="a">n-us-nj</subfield>
   </datafield>
   <datafield ind1=" " ind2=" " tag="049">
      <subfield code="a">PULL</subfield>
   </datafield>
   <datafield ind1="1" ind2=" " tag="100">
      <subfield code="a">Ibn Ilyās, Muḥammad ibn Aḥmad ibn Muḥammad.</subfield>
   </datafield>
   <datafield ind1="1" ind2="0" tag="245">
      <subfield code="6">880-01</subfield>
      <subfield code="a">Miftāḥ al-maqāṣid.</subfield>
   </datafield>
   <datafield ind1=" " ind2=" " tag="260">
      <subfield code="c">[1213 or 1504].</subfield>
   </datafield>
   <datafield ind1=" " ind2=" " tag="300">
      <subfield code="a">175 leaves :</subfield>
      <subfield code="b">paper, ill. ;</subfield>
      <subfield code="c">255 x 170 (170 x 110) mm. bound to 255 x185 mm.</subfield>
   </datafield>
   <datafield ind1=" " ind2=" " tag="500">
      <subfield code="a">Ms. codex.</subfield>
   </datafield>
   <datafield ind1=" " ind2=" " tag="500">
      <subfield code="a">Title from beginning of text (fol. 7a, l. 3).</subfield>
   </datafield>
   <datafield ind1="8" ind2=" " tag="520">
      <subfield code="a">Apparently autograph copy of a treatise in prose and verses on magic using numerals, astrology and the invocation of the names of God, comprising an introduction, seven chapters (bāb) and a conclusion (see description of content, fol. 7a). Incomplete at the beginning.</subfield>
   </datafield>
   <datafield ind1=" " ind2=" " tag="500">
      <subfield code="a">For the date 608 H. associated with the author, see fol. 1a, l. 2-3. al-Būnī (Aḥmad ibn ʻAlī, d. 622/1225) is quoted in the text. However Ḥajjī Khalīfah mentions a Muḥammad ibn Aḥmad ibn Ilyās al-Ḥanafī, fl. 912/1506 or 7 (ed. Fluegel, vol. III, p. 190, no. 4872).</subfield>
   </datafield>
   <datafield ind1=" " ind2=" " tag="500">
      <subfield code="a">15 lines per page. Poetry in two columns. Written in medium small naskh in black ink with use of red. Paper with laid lines visible (frame-ruled, 102 mm.). Contains magic squares and tables. A few marginal notes. Foliation using Arabic numerals (starts with "4" on fol. 2a). On fol. 175b : several inscriptions and magical tables. On a piece of paper pasted on the lower cover, inscription in Arabic: "(al-jafr al-ḥarfī) Miftāḥ al-maqāṣid bi-al-Fārisīyah qaṭʻ al-thaman al-kabīr al-masṭarah 15 khaṭṭ Fārisī katabahu Muḥammad ibn Aḥmad ibn Muḥammad ibn Ilyās sanah 609 (909 lā 609)".</subfield>
   </datafield>
   <datafield ind1=" " ind2=" " tag="500">
      <subfield code="a">On the pastedown of the upper cover, small label with the inscription "12" in Arabic numerals ; label with the inscription: "ELS no. [next line, in Arabic characters] Miftāḥ al-maqāṣid [next line, in Arabic characters ] fārisī [next line, in Western numerals] 909". Same label on the pastedown of the lower cover, adding "ELS no. 110".</subfield>
   </datafield>
   <datafield ind1=" " ind2=" " tag="500">
      <subfield code="a">Copied by the author Muḥammad ibn Aḥmad ibn Muḥammad Ibn Ilyās, on 4 Shawwāl 609 (colophon, fol. 175a). According to a label on the pastedown of the upper cover and a note on a paper pasted on the lower cover, this should be read as 909. This later date appears to be more likely.</subfield>
   </datafield>
   <datafield ind1="0" ind2=" " tag="505">
      <subfield code="a">Bāb 1 : Dar ṭarīq waḍʻ aʻdād fard al-fard [in table of contents, fol. 7a: Dar ṭarīq waḍʻ fard al-fard].</subfield>
   </datafield>
   <datafield ind1="8" ind2=" " tag="505">
      <subfield code="a">Bāb 2 : Dar ṭarīq waḍʻ zawj al-zawj [in table of contents: Dar ṭarīq zawj al-zawj].</subfield>
   </datafield>
   <datafield ind1="8" ind2=" " tag="505">
      <subfield code="a">Bāb 3 : Dar ṭarīq waḍʻ zawj al-fard [in table of contents: Dar ṭarīq zawj al-fard].</subfield>
   </datafield>
   <datafield ind1="8" ind2=" " tag="505">
      <subfield code="a">Bāb 4 : Dar kayfīyat-i waḍʻ-i asmā dar alwāḥ bi-ṭarīq muḍmar kah ānrā taksīr-i kabīr khvānan [In table of contents: ... dar ashkāl bi-ṭarīq ...].</subfield>
   </datafield>
   <datafield ind1="8" ind2=" " tag="505">
      <subfield code="a">Bāb 5 : Dar kayfiyat-i taksīr-i saghīr.</subfield>
   </datafield>
   <datafield ind1="8" ind2=" " tag="505">
      <subfield code="a">Bāb 6 : Dar kayfiyat-i waḍʻ-i asmā dar ashkāl bi-ṭarīq muẓhar kah ānrā dhū al-kitābah khvānand.</subfield>
   </datafield>
   <datafield ind1="8" ind2=" " tag="505">
      <subfield code="a">Bāb 7 : Dar sharf-i kawākib wa-sharḥ wa-kayfīyat-i aʻmāl-i ān.</subfield>
   </datafield>
   <datafield ind1=" " ind2=" " tag="561">
      <subfield code="a">Acquired from Abraham Shalom Yahuda, 1942.</subfield>
   </datafield>
   <datafield ind1=" " ind2=" " tag="563">
      <subfield code="a">Upper and lower covers and envelope flap made of red leather over paper pasteboards. The upper and lower covers are similarly blind-tooled with a central mandorla and an outer frame made of several fillets, with small round stamps on the inner edge. The envelope flap has the same outer frame with a mandorla on its point. Doublure made of blue and yellow decorated paper.</subfield>
   </datafield>
   <datafield ind1=" " ind2=" " tag="541">
      <subfield code="c">Gift ;</subfield>
      <subfield code="a">Robert Garrett, Class of 1897 ;</subfield>
      <subfield code="d">1942.</subfield>
   </datafield>
   <datafield ind1="1" ind2="0" tag="600">
      <subfield code="a">Būnī, Aḥmad ibn ʻAlī,</subfield>
      <subfield code="d">d. 1225.</subfield>
   </datafield>
   <datafield ind1=" " ind2="0" tag="650">
      <subfield code="a">Islamic magic</subfield>
      <subfield code="v">Early works to 1800.</subfield>
   </datafield>
   <datafield ind1=" " ind2="0" tag="650">
      <subfield code="a">Talismans</subfield>
      <subfield code="x">Religious aspects</subfield>
      <subfield code="x">Islam</subfield>
      <subfield code="v">Early works to 1800.</subfield>
   </datafield>
   <datafield ind1=" " ind2="0" tag="650">
      <subfield code="a">Astrology</subfield>
      <subfield code="x">Religious aspects</subfield>
      <subfield code="x">Islam</subfield>
      <subfield code="v">Early works to 1800.</subfield>
   </datafield>
   <datafield ind1=" " ind2="0" tag="650">
      <subfield code="a">Manuscripts, Persian</subfield>
      <subfield code="z">New Jersey</subfield>
      <subfield code="z">Princeton.</subfield>
   </datafield>
   <datafield ind1=" " ind2="7" tag="655">
      <subfield code="a">Manuscripts, Persian</subfield>
      <subfield code="y">16th century.</subfield>
      <subfield code="2">lcsh</subfield>
   </datafield>
   <datafield ind1="1" ind2="0" tag="880">
      <subfield code="6">245-01/r</subfield>
      <subfield code="a">مفتاح المقاصد</subfield>
   </datafield>
   <datafield ind1=" " ind2=" " tag="880">
      <subfield code="6">500-00/r</subfield>
      <subfield code="a">Incipit: كه مدّت بيست(؟) سال در اقطار عالم مسافرت كردم وبخدمت بسياري از كمال(؟) اوليا</subfield>
   </datafield>
   <datafield ind1=" " ind2=" " tag="880">
      <subfield code="6">500-00/r</subfield>
      <subfield code="a">Explicit: (الهى تا دانى بنرياد برس(؟</subfield>
   </datafield>
   <datafield ind1="4" ind2="1" tag="856">
      <subfield code="u">http://arks.princeton.edu/ark:/88435/th83kz39p</subfield>
   </datafield>
</record>