<record xmlns="http://www.loc.gov/MARC21/slim" xmlns:xsi="http://www.w3.org/2001/XMLSchema-instance">
   <leader>04203ctm a2200481Ia 4500</leader>
   <controlfield tag="001">5514432</controlfield>
   <controlfield tag="005">20110923112911.0</controlfield>
   <controlfield tag="008">080701s1329    ua            000 0 ara d</controlfield>
   <datafield ind1=" " ind2=" " tag="035">
      <subfield code="a">(OCoLC)ocn232999597</subfield>
   </datafield>
   <datafield ind1=" " ind2=" " tag="040">
      <subfield code="a">PUL</subfield>
      <subfield code="c">PUL</subfield>
      <subfield code="e">amremm</subfield>
   </datafield>
   <datafield ind1=" " ind2=" " tag="066">
      <subfield code="c">(3</subfield>
   </datafield>
   <datafield ind1=" " ind2=" " tag="035">
      <subfield code="a">(OCoLC)232999597</subfield>
   </datafield>
   <datafield ind1=" " ind2=" " tag="043">
      <subfield code="a">n-us-nj</subfield>
      <subfield code="a">f-ua---</subfield>
   </datafield>
   <datafield ind1=" " ind2=" " tag="049">
      <subfield code="a">PULL</subfield>
   </datafield>
   <datafield ind1="1" ind2=" " tag="100">
      <subfield code="6">880-01</subfield>
      <subfield code="a">Ḥusaynī, al-Ḥusayn ibn Muḥammad,</subfield>
      <subfield code="d">fl. 1329</subfield>
   </datafield>
   <datafield ind1="1" ind2="0" tag="245">
      <subfield code="6">880-02</subfield>
      <subfield code="a">Idrāk al-sūl fī musābaqat al-khuyūl bi-rasm al-Khizānah al-sharīfah al-sulṭānīyah al-malikīyah al-Nāṣirīyah al-Nāṣirīyah(!) ʻamarahā Allāh taʻālá bi-dawām ayyāmihi /</subfield>
      <subfield code="c">min inshā al-ʻabd al-faqīr al-muʻtaraf bi-al-taqṣīr al-Ḥusayn al-Ḥusaynī kātib al-daraj al-sharīf.</subfield>
   </datafield>
   <datafield ind1="1" ind2=" " tag="246">
      <subfield code="6">880-03</subfield>
      <subfield code="i">Title in Hitti, P. Garrett coll.:</subfield>
      <subfield code="a">Idrāk al-suʾl fī musābaqat al-khuyūl</subfield>
   </datafield>
   <datafield ind1=" " ind2=" " tag="260">
      <subfield code="a">[Cairo?,</subfield>
      <subfield code="c">1329]</subfield>
   </datafield>
   <datafield ind1=" " ind2=" " tag="300">
      <subfield code="a">i, 18, i leaves:</subfield>
      <subfield code="b">paper ;</subfield>
      <subfield code="c">297 x 205 (210 x 160) mm. bound to 303 x 215 mm.</subfield>
   </datafield>
   <datafield ind1=" " ind2=" " tag="500">
      <subfield code="a">Title from title page (fol. 1a, muḥaqqaq in gold outlined in black ; blue and red for vocalization and diacritical signs ; statement of responsibility in naskh).</subfield>
   </datafield>
   <datafield ind1=" " ind2=" " tag="500">
      <subfield code="a">Ms. codex.</subfield>
   </datafield>
   <datafield ind1="8" ind2=" " tag="520">
      <subfield code="a">Treatise on horses and horse-racing written in Cairo, 729/1329 for the library of the Mamlūk Sulṭān al-Nāṣir (684-741/1285-1341). The author was one of the secretaries of the court.</subfield>
   </datafield>
   <datafield ind1=" " ind2=" " tag="500">
      <subfield code="a">Physical description: 6 lines per page. Written in muḥaqqaq in black ink ; the text is vocalized. Entries in gold outlined in black with red and blue for vocalization and diacritical signs. Circle in gold outlined in black for text-stops.</subfield>
   </datafield>
   <datafield ind1=" " ind2=" " tag="500">
      <subfield code="a">Origin: According to colophon, copied by its author, al-Ḥusayn ibn Muḥammad al-Ḥusaynī, Kātib al-daraj al-sharīf, 6 Ramaḍān 729 [July 4, 1329] (fol. 18a). The copy was made for the Khizānah of al-Nāṣir (title page, fol. 1a).</subfield>
   </datafield>
   <datafield ind1=" " ind2=" " tag="561">
      <subfield code="a">Ownership statement in the name of Ḥasan ibn Muḥammad al-Malik al-Nāṣir ibn Qalāwun al-Malik al-Manṣūr (fol. 1a). Ex-libris of Robert Garrett on the pastedown of the upper cover. Acquired by Robert Garrett from Murād Bey al-Bārūdī (Beirut), 1925.</subfield>
   </datafield>
   <datafield ind1="4" ind2=" " tag="510">
      <subfield code="a">Hitti, P. Garrett coll.,</subfield>
      <subfield code="c">1066</subfield>
   </datafield>
   <datafield ind1="4" ind2=" " tag="510">
      <subfield code="a">Brockelmann, C. GAL,</subfield>
      <subfield code="c">SN II 166</subfield>
   </datafield>
   <datafield ind1=" " ind2=" " tag="541">
      <subfield code="c">Gift ;</subfield>
      <subfield code="a">Robert Garrett, Class of 1897 ;</subfield>
      <subfield code="d">1942.</subfield>
   </datafield>
   <datafield ind1=" " ind2="0" tag="650">
      <subfield code="a">Horses</subfield>
      <subfield code="z">Arab countries</subfield>
      <subfield code="v">Early works to 1800.</subfield>
   </datafield>
   <datafield ind1=" " ind2="0" tag="650">
      <subfield code="a">Horses</subfield>
      <subfield code="z">Islamic Empire</subfield>
      <subfield code="v">Early works to 1800.</subfield>
   </datafield>
   <datafield ind1=" " ind2="7" tag="655">
      <subfield code="a">Calligraphy, Arabic</subfield>
      <subfield code="y">14th century.</subfield>
      <subfield code="2">lcsh</subfield>
   </datafield>
   <datafield ind1=" " ind2="0" tag="650">
      <subfield code="a">Manuscripts, Arabic</subfield>
      <subfield code="z">New Jersey</subfield>
      <subfield code="z">Princeton.</subfield>
   </datafield>
   <datafield ind1=" " ind2="7" tag="655">
      <subfield code="a">Manuscripts, Arabic</subfield>
      <subfield code="y">14th century.</subfield>
      <subfield code="2">lcsh</subfield>
   </datafield>
   <datafield ind1=" " ind2="7" tag="655">
      <subfield code="a">Manuscripts, Arabic</subfield>
      <subfield code="z">Egypt</subfield>
      <subfield code="z">Cairo</subfield>
      <subfield code="y">14th century.</subfield>
      <subfield code="2">lcsh</subfield>
   </datafield>
   <datafield ind1="0" ind2=" " tag="700">
      <subfield code="6">880-04</subfield>
      <subfield code="a">Nāṣir Muḥammad ibn Qalāwūn,</subfield>
      <subfield code="c">Sulṭān of Egypt and Syria,</subfield>
      <subfield code="d">1285-1341,</subfield>
      <subfield code="e">dedicatee.</subfield>
   </datafield>
   <datafield ind1="1" ind2=" " tag="880">
      <subfield code="6">100-01/(3/r</subfield>
      <subfield code="a">حسيني، الحسين بن محمد</subfield>
   </datafield>
   <datafield ind1="1" ind2="0" tag="880">
      <subfield code="6">245-02/(3/r</subfield>
      <subfield code="a">ادراك السول في مسابقة الخيول برسم الخزانة الشريفة السلطانية الملية الناصرية الناصرية(!) عمرها الله تعالى بدوام ايامه /</subfield>
      <subfield code="c">من انشا العبد الفقير المعترف بالتقصير الحسين الحسيني كاتب الدرج الشريف</subfield>
   </datafield>
   <datafield ind1="1" ind2=" " tag="880">
      <subfield code="6">246-03/(3/r</subfield>
      <subfield code="a">ادراك السؤل في مسابقة الخيول</subfield>
   </datafield>
   <datafield ind1=" " ind2=" " tag="880">
      <subfield code="6">500-00/(3/r</subfield>
      <subfield code="a">Incipit: بسم الله الرحمن الرحيم وصلى الله على سيدنا محمد الحمد لله الذي جعل الخبر بنواصع الخيل معقودا ...[4ب] ... اما بعد فان الله تعالى منح مولانا السلطان [5أ] المالك الملك الناصر عظيم المااثر وفخيم المفاخر</subfield>
   </datafield>
   <datafield ind1=" " ind2=" " tag="880">
      <subfield code="6">500-00/(3/r</subfield>
      <subfield code="a">Explicit: ان اطالت القول فهى مقرة او اسهبت فهي موجزة امين امين امين الحمد لله وحده وصلوته على سيدنا محمد واله وصحبه وسلامه حسبنا الله ونعم الوكيل</subfield>
   </datafield>
   <datafield ind1="0" ind2=" " tag="880">
      <subfield code="6">700-04/(3/r</subfield>
      <subfield code="a">ناصر محمد بن قلاوون</subfield>
   </datafield>
   <datafield ind1="4" ind2="1" tag="856">
      <subfield code="u">http://arks.princeton.edu/ark:/88435/pr76f3470</subfield>
   </datafield>
</record>