<record xmlns="http://www.loc.gov/MARC21/slim" xmlns:xsi="http://www.w3.org/2001/XMLSchema-instance">
   <leader>03547ctm a2200433Ia 4500</leader>
   <controlfield tag="001">4788443</controlfield>
   <controlfield tag="005">20120525094927.0</controlfield>
   <controlfield tag="008">060626q12uu15uuxx            000 0 ara d</controlfield>
   <datafield ind1=" " ind2=" " tag="035">
      <subfield code="a">(OCoLC)ocm70184921</subfield>
   </datafield>
   <datafield ind1=" " ind2=" " tag="040">
      <subfield code="a">PUL</subfield>
      <subfield code="c">PUL</subfield>
      <subfield code="e">amremm</subfield>
   </datafield>
   <datafield ind1=" " ind2=" " tag="043">
      <subfield code="a">n-us-nj</subfield>
   </datafield>
   <datafield ind1=" " ind2=" " tag="049">
      <subfield code="a">PULL</subfield>
   </datafield>
   <datafield ind1="1" ind2=" " tag="100">
      <subfield code="6">880-01</subfield>
      <subfield code="a">Ḥākim al-Nīsābūrī, Muḥammad ibn ʻAbd Allāh,</subfield>
      <subfield code="d">933-1014.</subfield>
   </datafield>
   <datafield ind1="1" ind2="0" tag="240">
      <subfield code="6">880-02</subfield>
      <subfield code="a">Maʻrifat ʻulūm al-ḥadīth</subfield>
   </datafield>
   <datafield ind1="1" ind2="0" tag="245">
      <subfield code="6">880-03</subfield>
      <subfield code="a">Kitāb ʻulūm al-ḥadīth.</subfield>
   </datafield>
   <datafield ind1="1" ind2=" " tag="246">
      <subfield code="6">880-04</subfield>
      <subfield code="i">Other title in R. Mach's catalog:</subfield>
      <subfield code="a">Maʻrifat uṣūl ʻulūm al-ḥadīth</subfield>
   </datafield>
   <datafield ind1="1" ind2=" " tag="246">
      <subfield code="i">Title on a spine label (vertical):</subfield>
      <subfield code="a">Kitāb ʻulūm al-ḥadīth lil-Ḥākim</subfield>
   </datafield>
   <datafield ind1=" " ind2=" " tag="260">
      <subfield code="c">[12--?]</subfield>
   </datafield>
   <datafield ind1=" " ind2=" " tag="300">
      <subfield code="a">iii, 125, ii leaves :</subfield>
      <subfield code="b">paper ;</subfield>
      <subfield code="c">251 x 170 (180 x 115) mm. bound to 251 x 177 mm.</subfield>
   </datafield>
   <datafield ind1=" " ind2=" " tag="500">
      <subfield code="a">Ms. codex.</subfield>
   </datafield>
   <datafield ind1=" " ind2=" " tag="500">
      <subfield code="a">Title from the audition statement on fol. 1a.</subfield>
   </datafield>
   <datafield ind1="8" ind2=" " tag="520">
      <subfield code="a">Treatise on the sciences of ḥadīth.</subfield>
   </datafield>
   <datafield ind1=" " ind2=" " tag="500">
      <subfield code="a">On fol. 1a: autograph audition statement (samāʻ) by Muḥammad ibn Muḥammad ibn ʻAlī ibn al-ʻArabī al-Ṭāʼī al-Ḥātimī(?), dated 23(?) Rajab 656, who read the book before Ṣadr al-Dīn al-Ḥasan ibn Muḥammad [...] al-Bakrī, whose signature appears below the audition statement.</subfield>
   </datafield>
   <datafield ind1=" " ind2=" " tag="500">
      <subfield code="a">21 lines per page. The first part of the text is written in medium small naskh with characteristic ṭāʼ and final alif, in black ink with larger script for the headings. From fol. 61a on, change of hand (see especially the fāʼ and the qāf) and ink. The paper seems to be the same throughout: light cream glazed paper with vertical laid lines visible. Some marginal notes. Collations notes. Notes of audition on the margins (see fol. 42a, 59b, 61b) ; stops after fol. 61. Seal on fol. 1a, repeated on fol. 125a. Ownership statement in Persian dated 1350 H. [1931 or 32] on the first fly-leaf. Fol. 51 misplaced. Foliation in pencil using Arabic numerals on the right margin of the verso of each leaf. Foliation in pencil using Western numerals.</subfield>
   </datafield>
   <datafield ind1=" " ind2=" " tag="500">
      <subfield code="a">R. Mach dates the ms. from the 7th cent. H.</subfield>
   </datafield>
   <datafield ind1=" " ind2=" " tag="561">
      <subfield code="a">Acquired from Abraham Shalom Yahuda, 1942.</subfield>
   </datafield>
   <datafield ind1=" " ind2=" " tag="563">
      <subfield code="a">Dark green stiffened leather, with blind-tooled frames. Paper pastedowns.</subfield>
   </datafield>
   <datafield ind1="4" ind2=" " tag="510">
      <subfield code="a">Mach, R. Yahuda,</subfield>
      <subfield code="c">525</subfield>
   </datafield>
   <datafield ind1=" " ind2=" " tag="541">
      <subfield code="c">Gift ;</subfield>
      <subfield code="a">Robert Garrett, Class of 1897 ;</subfield>
      <subfield code="d">1942.</subfield>
   </datafield>
   <datafield ind1="1" ind2="0" tag="600">
      <subfield code="a">Ṣadr al-Bakrī, al-Ḥasan ibn Muḥammad,</subfield>
      <subfield code="d">1178 or 9-1258 or 9.</subfield>
   </datafield>
   <datafield ind1=" " ind2="0" tag="650">
      <subfield code="a">Hadith</subfield>
      <subfield code="x">Criticism, interpretation, etc.</subfield>
      <subfield code="v">Early works to 1800.</subfield>
   </datafield>
   <datafield ind1=" " ind2="0" tag="650">
      <subfield code="a">Manuscripts, Arabic</subfield>
      <subfield code="z">New Jersey</subfield>
      <subfield code="z">Princeton.</subfield>
   </datafield>
   <datafield ind1="1" ind2=" " tag="880">
      <subfield code="6">100-01/r</subfield>
      <subfield code="a">حاكم النيسابوري، محمد بن عبد الله</subfield>
   </datafield>
   <datafield ind1="1" ind2="0" tag="880">
      <subfield code="6">240-02/r</subfield>
      <subfield code="a">معرفة علوم الحديث</subfield>
   </datafield>
   <datafield ind1="1" ind2="0" tag="880">
      <subfield code="6">245-03/r</subfield>
      <subfield code="a">كتاب علوم الحديث.</subfield>
   </datafield>
   <datafield ind1="1" ind2=" " tag="880">
      <subfield code="6">246-04/r</subfield>
      <subfield code="a">معرفة اصول علوم الحديث</subfield>
   </datafield>
   <datafield ind1=" " ind2=" " tag="880">
      <subfield code="6">500-00/r</subfield>
      <subfield code="a">Incipit: بسم ... قال الامام المحدث الحاكم الفاضل ابو عبد الله محمد بن عبد الله ابن نعيم الحافظ رحمه الله الحمد لله ذى المن والاحسان والقدرة والسلطان الذي انشا الخلق بربوبيته وجنّسهم بمشيته(؟) ... اما بعد فانّني لما رايت البدع في زماننا قد كثرت ومعرفة الناس باصول السنن قلّتْ مع امعانهم في كتابة الاخبار</subfield>
   </datafield>
   <datafield ind1=" " ind2=" " tag="880">
      <subfield code="6">500-00/r</subfield>
      <subfield code="a">Explicit: قال قلت لا قال فاذا رجعت فاكتبه وانتمه ووجه به البر</subfield>
   </datafield>
</record>