<record xmlns="http://www.loc.gov/MARC21/slim" xmlns:xsi="http://www.w3.org/2001/XMLSchema-instance">
   <leader>04271ctm a2200505Ia 4500</leader>
   <controlfield tag="001">5280043</controlfield>
   <controlfield tag="005">20090112093638.0</controlfield>
   <controlfield tag="008">070907s1810    xx            000 0 ota d</controlfield>
   <datafield ind1=" " ind2=" " tag="035">
      <subfield code="a">(OCoLC)ocn169914208</subfield>
   </datafield>
   <datafield ind1=" " ind2=" " tag="040">
      <subfield code="a">PUL</subfield>
      <subfield code="c">PUL</subfield>
      <subfield code="e">amremm</subfield>
      <subfield code="d">PUL</subfield>
   </datafield>
   <datafield ind1=" " ind2=" " tag="066">
      <subfield code="c">(3</subfield>
   </datafield>
   <datafield ind1=" " ind2=" " tag="035">
      <subfield code="a">(OCoLC)169914208</subfield>
   </datafield>
   <datafield ind1=" " ind2=" " tag="043">
      <subfield code="a">n-us-nj</subfield>
   </datafield>
   <datafield ind1=" " ind2=" " tag="049">
      <subfield code="a">PULL</subfield>
   </datafield>
   <datafield ind1="0" ind2="0" tag="245">
      <subfield code="6">880-01</subfield>
      <subfield code="a">Şerh üş-Şemail.</subfield>
   </datafield>
   <datafield ind1=" " ind2=" " tag="260">
      <subfield code="c">[1810]</subfield>
   </datafield>
   <datafield ind1=" " ind2=" " tag="300">
      <subfield code="a">92 leaves :</subfield>
      <subfield code="b">paper ;</subfield>
      <subfield code="c">206 x 145 (135 x 80) mm. bound to 208 x 150 mm.</subfield>
   </datafield>
   <datafield ind1=" " ind2=" " tag="500">
      <subfield code="a">Ms. codex.</subfield>
   </datafield>
   <datafield ind1=" " ind2=" " tag="546">
      <subfield code="a">In Ottoman Turkish.</subfield>
   </datafield>
   <datafield ind1=" " ind2=" " tag="500">
      <subfield code="a">Title from fol. 1a.</subfield>
   </datafield>
   <datafield ind1="8" ind2=" " tag="520">
      <subfield code="a">A commentary in verse on al-Shamāʾil al-Nabawīyah by Muḥammad ibn ʻĪsá al-Tirmidhī (d. 892). The title on fol. 1a and the labels on the inside of upper and lower covers attribute the work to "Aşik Paşa" -- Alaeddin Ali Aşik Paşa (1272-1333)?. However, available reference sources do not mention this work in relation to Alaeddin Ali (e.g. see EI, EB, Ṭāhir etc.) and the label on the inside of lower cover of the ms. also states that the work was composed in 1157 (1744-45), the date being acquired from the chronogram at the end of text (see explicit).</subfield>
   </datafield>
   <datafield ind1=" " ind2=" " tag="500">
      <subfield code="a">Copied by "zade-yi Köprülüzade" (the son of Köprülüzade?) Seyit Mehmet Nafi el-müderris, and completed on the 2nd of Dhū al-Ḥijjah 1225 (1810) -- colophon (fol. 91b).</subfield>
   </datafield>
   <datafield ind1=" " ind2=" " tag="500">
      <subfield code="a">17 lines per page. Written in a small nastaʻlīq in black ink with use of red for rubrication. Text is written inside a gold leaf frame outlined in black ink, with columns and separate couplets also divided with lines in gold leaf outlined in black ink. Text frames on fol. 2b-3a are double with additional lines in red ink. Catchwords on the verso of each leaf. Glazed European paper. Ms. has marginal annotations, mostly excerpts from Qārī al-Harawī's commentary on Shamāʾil, Jamʻ al-wasāʾil fī sharḥ al-Shamāʾil. These are in the same hand as the main text, written in a very small nastaʻlīq in black and red ink to form different shapes including crescent moon, minaret, swords, cups and bowls, fruit, trees, palm-trees etc.</subfield>
   </datafield>
   <datafield ind1=" " ind2=" " tag="561">
      <subfield code="a">Ownership statement on fol. 1a in red ink in the name of Seyit Mustafa Zihni, known as İmamzade.</subfield>
   </datafield>
   <datafield ind1=" " ind2=" " tag="541">
      <subfield code="c">Gift ;</subfield>
      <subfield code="a">Robert Garrett, Class of 1897 ;</subfield>
      <subfield code="d">1942.</subfield>
   </datafield>
   <datafield ind1=" " ind2=" " tag="561">
      <subfield code="a">Originally acquired by Robert Garrett from Abraham Shalom Yahuda ; 1942.</subfield>
   </datafield>
   <datafield ind1=" " ind2=" " tag="563">
      <subfield code="a">Brown leather over pasteboard with envelope flap. Gold tooled border design on covers and the envelope flap made with a gold roll inside two gold fillets. Pastedowns and lining to the envelope flap in light brown paper. Lining to the fore edge flap in brown leather.</subfield>
   </datafield>
   <datafield ind1="0" ind2="0" tag="600">
      <subfield code="6">880-02</subfield>
      <subfield code="a">Tirmidhī, Muḥammad ibn ʻĪsá,</subfield>
      <subfield code="d">d. 892.</subfield>
      <subfield code="t">Shamāʾil.</subfield>
   </datafield>
   <datafield ind1="0" ind2="0" tag="600">
      <subfield code="a">Muḥammad,</subfield>
      <subfield code="c">Prophet,</subfield>
      <subfield code="d">d. 632</subfield>
      <subfield code="v">Biography</subfield>
      <subfield code="v">Early works to 1800.</subfield>
   </datafield>
   <datafield ind1=" " ind2="0" tag="650">
      <subfield code="a">Hadith</subfield>
      <subfield code="v">Commentaries</subfield>
      <subfield code="v">Early works to 1800.</subfield>
   </datafield>
   <datafield ind1=" " ind2="0" tag="650">
      <subfield code="a">Hadith</subfield>
      <subfield code="x">Criticism, interpretation, etc.</subfield>
      <subfield code="v">Early works to 1800.</subfield>
   </datafield>
   <datafield ind1=" " ind2="0" tag="650">
      <subfield code="a">Turkish poetry</subfield>
      <subfield code="v">Early works to 1800.</subfield>
   </datafield>
   <datafield ind1=" " ind2="0" tag="650">
      <subfield code="a">Manuscripts, Turkish</subfield>
      <subfield code="z">New Jersey</subfield>
      <subfield code="z">Princeton.</subfield>
   </datafield>
   <datafield ind1=" " ind2="0" tag="650">
      <subfield code="a">Manuscripts, Arabic</subfield>
      <subfield code="z">New Jersey</subfield>
      <subfield code="z">Princeton.</subfield>
   </datafield>
   <datafield ind1=" " ind2="7" tag="655">
      <subfield code="a">Manuscripts, Turkish</subfield>
      <subfield code="y">19th century.</subfield>
      <subfield code="2">lcsh</subfield>
   </datafield>
   <datafield ind1=" " ind2="7" tag="655">
      <subfield code="a">Manuscripts, Arabic</subfield>
      <subfield code="y">19th century.</subfield>
      <subfield code="2">lcsh</subfield>
   </datafield>
   <datafield ind1="1" ind2="2" tag="700">
      <subfield code="6">880-03</subfield>
      <subfield code="a">Qārī al-Harawī, ʻAlī ibn Sulṭān Muḥammad,</subfield>
      <subfield code="d">d. 1605 or 6.</subfield>
      <subfield code="t">Jamʻ al-wasāʾil fī sharḥ al-Shamāʾil.</subfield>
      <subfield code="k">Selections.</subfield>
   </datafield>
   <datafield ind1="0" ind2=" " tag="700">
      <subfield code="a">Aşık Paşa-yı Velî,</subfield>
      <subfield code="d">1271-1332.</subfield>
   </datafield>
   <datafield ind1="0" ind2="0" tag="880">
      <subfield code="6">245-01/(3/r</subfield>
      <subfield code="a">شرح الشمائل.</subfield>
   </datafield>
   <datafield ind1=" " ind2=" " tag="880">
      <subfield code="6">500-00/(3/r</subfield>
      <subfield code="a">Incipit: باسم مولاى لا له ثان وله الامر لا له ثان مبدع الخلق والنهى والشمائل منشئ الارض والسماء</subfield>
   </datafield>
   <datafield ind1=" " ind2=" " tag="880">
      <subfield code="6">500-00/(3/r</subfield>
      <subfield code="a">Explicit: اصخاب ايله آله ده كه آنلر اول شمس هدانك انجمانى بو حسن ختامه اولدى تاريخ نشر اولدى شمايله معانى</subfield>
   </datafield>
   <datafield ind1="0" ind2="0" tag="880">
      <subfield code="6">600-02/(3/r</subfield>
      <subfield code="a">ترمذي، محمد بن عيسى.</subfield>
      <subfield code="t">شمائل.</subfield>
   </datafield>
   <datafield ind1="1" ind2="2" tag="880">
      <subfield code="6">700-03/(3/r</subfield>
      <subfield code="a">قاري الهروي، علي بن سلطان محمد.</subfield>
      <subfield code="t">جمع الوسائل في شرح الشمائل.</subfield>
   </datafield>
   <datafield ind1="4" ind2="1" tag="856">
      <subfield code="u">http://arks.princeton.edu/ark:/88435/f7623c63z</subfield>
   </datafield>
</record>