<record xmlns="http://www.loc.gov/MARC21/slim" xmlns:xsi="http://www.w3.org/2001/XMLSchema-instance">
   <leader>04173ctm a2200493Ia 4500</leader>
   <controlfield tag="001">4859333</controlfield>
   <controlfield tag="005">20120525100917.0</controlfield>
   <controlfield tag="008">060928s1403    xx a          000 0 ara d</controlfield>
   <datafield ind1=" " ind2=" " tag="035">
      <subfield code="a">(OCoLC)ocn179871406</subfield>
   </datafield>
   <datafield ind1=" " ind2=" " tag="035">
      <subfield code="a">(OCoLC)ocm71791967</subfield>
   </datafield>
   <datafield ind1=" " ind2=" " tag="040">
      <subfield code="a">PUL</subfield>
      <subfield code="e">amremm</subfield>
      <subfield code="c">PUL</subfield>
      <subfield code="d">PUL</subfield>
   </datafield>
   <datafield ind1=" " ind2=" " tag="035">
      <subfield code="a">(OCoLC)179871406</subfield>
   </datafield>
   <datafield ind1=" " ind2=" " tag="035">
      <subfield code="a">(NjP)4859333</subfield>
   </datafield>
   <datafield ind1=" " ind2=" " tag="043">
      <subfield code="a">n-us-nj</subfield>
   </datafield>
   <datafield ind1=" " ind2=" " tag="079">
      <subfield code="a">ocm71791967</subfield>
   </datafield>
   <datafield ind1=" " ind2=" " tag="049">
      <subfield code="a">PULL</subfield>
   </datafield>
   <datafield ind1="1" ind2=" " tag="100">
      <subfield code="6">880-01</subfield>
      <subfield code="a">Turkumānī, Kamāl al-Dīn,</subfield>
      <subfield code="d">fl. 1354.</subfield>
   </datafield>
   <datafield ind1="1" ind2="0" tag="245">
      <subfield code="6">880-02</subfield>
      <subfield code="a">Sharḥ al-Mulakhkhaṣ fī al-hayʼah.</subfield>
   </datafield>
   <datafield ind1=" " ind2=" " tag="260">
      <subfield code="c">[1403]</subfield>
   </datafield>
   <datafield ind1=" " ind2=" " tag="300">
      <subfield code="a">i, 70, i leaves :</subfield>
      <subfield code="b">paper, ill. ;</subfield>
      <subfield code="c">200 x 125 (137 x 75) mm. bound to 206 x 135 mm.</subfield>
   </datafield>
   <datafield ind1=" " ind2=" " tag="500">
      <subfield code="a">Ms. codex.</subfield>
   </datafield>
   <datafield ind1=" " ind2=" " tag="500">
      <subfield code="a">Title provided by cataloger from the annotations on fol. 1a.</subfield>
   </datafield>
   <datafield ind1="8" ind2=" " tag="520">
      <subfield code="a">Commentary on al-Mulakhkhaṣ fī al-hayʼah of Maḥmūd ibn ʻUmar al-Jaghmīnī (d. after 1221, cf. GAL, I, 473 SI, 865).</subfield>
   </datafield>
   <datafield ind1=" " ind2=" " tag="500">
      <subfield code="a">The name of the author does not appear in the ms. R. Mach, following a note on fol. 1a attributes this commentary to Kamāl al-Dīn al-Turkumānī (fl. 755/1354). See also Kashf al-ẓunūn, vol. 6, p. 113. Another note on the same fol. wrongly attributes the text to al-Sayyid al-Sharīf [al-Jurjānī]. See also Princeton University Library, Islamic Mss., Garrett no. 505H and 66B.</subfield>
   </datafield>
   <datafield ind1=" " ind2=" " tag="500">
      <subfield code="a">An anonymous copy of the same text is described by D. King, with the mention "900 H. taqdīran bi-khaṭṭ al-muʼallif" (see D. King. Fihris al-makhṭūṭāt al-ʻilmīyah al-maḥfūẓah bi-Dār al-Kutub al-Miṣrīyah).</subfield>
   </datafield>
   <datafield ind1=" " ind2=" " tag="500">
      <subfield code="a">23 lines per page. Written in medium small naskh in black ink with use of red. Contains diagrams in red ink. Collation notes. A few marginal notes. Dark cream glazed paper with laid lines visible. Fol. 70 has the original page pasted on a later leaf ; several ownership statements on the later leaf. On fol. 1a: Annotations ; kabīkaj ; table of contents. Foliation in black ink using Arabic numerals (starting with "1" on fol. 2). Foliation in pencil using Western numerals.</subfield>
   </datafield>
   <datafield ind1=" " ind2=" " tag="500">
      <subfield code="a">Copied by Nuʻmān ibn Qāsim ibn Maḥmūd al-Zāhidī on 17 Dhū al-Qaʻdah 805 (colophon, fol. 70a).</subfield>
   </datafield>
   <datafield ind1=" " ind2=" " tag="561">
      <subfield code="a">Acquired from Abraham Shalom Yahuda, 1942.</subfield>
   </datafield>
   <datafield ind1=" " ind2=" " tag="563">
      <subfield code="a">Red leather over pasteboards. Central orange painted blind tooled stamp with two pendants on the vertical axis. Spine and edges repaired. Modern pastedowns and end leaf.</subfield>
   </datafield>
   <datafield ind1="4" ind2=" " tag="510">
      <subfield code="a">Mach, R. Yahuda,</subfield>
      <subfield code="c">4875</subfield>
   </datafield>
   <datafield ind1="4" ind2=" " tag="510">
      <subfield code="a">King, D. Fihris (1981-1986),</subfield>
      <subfield code="c">Part II, 1/2/7 (p. 18-19)</subfield>
   </datafield>
   <datafield ind1="4" ind2=" " tag="510">
      <subfield code="a">Brockelmann, C. GAL,</subfield>
      <subfield code="c">SI, 865 (5/1. cmt. 1)</subfield>
   </datafield>
   <datafield ind1=" " ind2=" " tag="541">
      <subfield code="c">Gift ;</subfield>
      <subfield code="a">Robert Garrett, Class of 1897 ;</subfield>
      <subfield code="d">1942.</subfield>
   </datafield>
   <datafield ind1="1" ind2="0" tag="600">
      <subfield code="a">Jighmīnī, Maḥmūd ibn Muḥammad,</subfield>
      <subfield code="d">d. 1221?</subfield>
      <subfield code="t">Mulakhkhaṣ fī al-hayʼah.</subfield>
   </datafield>
   <datafield ind1=" " ind2="0" tag="650">
      <subfield code="a">Astronomy, Arab</subfield>
      <subfield code="v">Early works to 1800.</subfield>
   </datafield>
   <datafield ind1=" " ind2="0" tag="650">
      <subfield code="a">Manuscripts, Arabic</subfield>
      <subfield code="z">New Jersey</subfield>
      <subfield code="z">Princeton.</subfield>
   </datafield>
   <datafield ind1="1" ind2=" " tag="880">
      <subfield code="6">100-01/r</subfield>
      <subfield code="a">تركماني، كمال الدين.</subfield>
   </datafield>
   <datafield ind1="1" ind2="0" tag="880">
      <subfield code="6">245-02/r</subfield>
      <subfield code="a">شرح الملخص في الهيئة</subfield>
   </datafield>
   <datafield ind1=" " ind2=" " tag="880">
      <subfield code="6">500-00/r</subfield>
      <subfield code="a">Incipit: الحمد لله رب العالمين فاطر السموات والارضين الذى جعلنا فى خلقهما من المتفكرين ... وبعد فان الانظار الصايبة متوافقة والافكار الثاقبة متطابقة على ان اشرف اناع الحكمة الوسطى اعنى الرياضيّ هو العلم الموسوم بالهيئة الذى فاز بالسعادة عالمه</subfield>
   </datafield>
   <datafield ind1=" " ind2=" " tag="880">
      <subfield code="6">500-00/r</subfield>
      <subfield code="a">Explicit: فعلى هذا يكون السنة القمرية الاصطلاحية ناقصةً عن السنة الشمسية بعشرة ايام وعشرين ساعة دقيقة واثنى عشر بالتقريب وهذا أخر ما يتيسر من شرح هذا الكتاب على سبيل الاستعجال لضيق المجال وارجو ان يقعَ من جادم حضرة العالية موقع رضاه واسال الله تع ان يبلغه الى مبتغاه ومتمناه انه على ما يشآء قدير وبالاجابة جدير</subfield>
   </datafield>
   <datafield ind1="4" ind2="1" tag="856">
      <subfield code="u">http://arks.princeton.edu/ark:/88435/9g54xh71j</subfield>
   </datafield>
</record>