<record xmlns="http://www.loc.gov/MARC21/slim" xmlns:xsi="http://www.w3.org/2001/XMLSchema-instance">
   <leader>04101ctm a2200565Ia 4500</leader>
   <controlfield tag="001">4820805</controlfield>
   <controlfield tag="005">20120525101653.0</controlfield>
   <controlfield tag="008">060815q13uu14uuxx            000 0 ara d</controlfield>
   <datafield ind1=" " ind2=" " tag="035">
      <subfield code="a">(OCoLC)ocm70895142</subfield>
   </datafield>
   <datafield ind1=" " ind2=" " tag="040">
      <subfield code="a">PUL</subfield>
      <subfield code="c">PUL</subfield>
      <subfield code="e">amremm</subfield>
   </datafield>
   <datafield ind1=" " ind2=" " tag="043">
      <subfield code="a">n-us-nj</subfield>
   </datafield>
   <datafield ind1=" " ind2=" " tag="049">
      <subfield code="a">PULL</subfield>
   </datafield>
   <datafield ind1="0" ind2="0" tag="245">
      <subfield code="a">Muntaqá min Dhamm al-kalām lil-Harawī ... [etc.].</subfield>
   </datafield>
   <datafield ind1=" " ind2=" " tag="260">
      <subfield code="c">[between 13--? and 14--?]</subfield>
   </datafield>
   <datafield ind1=" " ind2=" " tag="300">
      <subfield code="a">i, 56, i leaves :</subfield>
      <subfield code="b">paper ;</subfield>
      <subfield code="c">173 x 133 mm. bound to 197 x 145 mm.</subfield>
   </datafield>
   <datafield ind1=" " ind2=" " tag="500">
      <subfield code="a">Ms. codex.</subfield>
   </datafield>
   <datafield ind1=" " ind2=" " tag="500">
      <subfield code="a">Title supplied by cataloger.</subfield>
   </datafield>
   <datafield ind1="8" ind2=" " tag="520">
      <subfield code="a">Collection of texts and ijāzāt in several hands on various types of paper. The ms. comprises the signature of Ṣadr al-Dīn Muḥammad ibn al-Maydūmī (d. 1353, see fol. 20b and 22b), Muḥammad ibn ʻAlī al-Jarādiqī (d. 1457, fol. 28b) and Muḥammad ibn Mūsá ibn ʻUmrān (d. 1469), and a text copied in the handwriting of Muḥammad ibn ʻAbd al-Raḥmān al-Sakhawī (d. 1497, fol. 25b). At least one text indicates a Damascene provenance (see fol. 30a). The ms. was endowed as waqf to the Jāmiʻ al-Azhar by Muḥammad al-Kaffawī (see fol. 31b).</subfield>
   </datafield>
   <datafield ind1=" " ind2=" " tag="500">
      <subfield code="a">Number of lines per page varies. Traces of numbering of the quires (see fol. 18: "Thāni ʻashar").</subfield>
   </datafield>
   <datafield ind1="0" ind2=" " tag="505">
      <subfield code="a">1. fol. 1a-3b: Juzʼ fīhi muntaqá min Dhamm al-kalām lil-Harawī wa-huwa mā waqaʻa fīhi min al-Jāmiʻ lil-ḥāfiẓ Abī ʻĪsá al-Tirmidhī.</subfield>
   </datafield>
   <datafield ind1="8" ind2=" " tag="505">
      <subfield code="a">2. fol. 5a-23b: Juzʼ fīhi nuskhat Ibrāhīm ibn Saʻd ibn Ibrāhīm ibn ʻAbd al-Raḥmān Ibn ʻAwf al-Zuhrī.</subfield>
   </datafield>
   <datafield ind1="8" ind2=" " tag="505">
      <subfield code="a">3. fol. 24a-25b: [Collection of ḥadīths] / ʻUmar ibn raslān al-Bulqīnī.</subfield>
   </datafield>
   <datafield ind1="8" ind2=" " tag="505">
      <subfield code="a">4. fol. 26a-30a: Thabat al-ʻAllāmah Muḥammad ibn Yūsuf ibn Aḥmad ibn al-Ṣafī al-Miṣrī.</subfield>
   </datafield>
   <datafield ind1="8" ind2=" " tag="505">
      <subfield code="a">5. fol. 31a-44a: al-Muhadhdhab fī-mā waqaʻa fī al-Qurʼān min al-muʻarrab / Jalāl al-Dīn al-Suyūṭī.</subfield>
   </datafield>
   <datafield ind1="8" ind2=" " tag="505">
      <subfield code="a">6. fol. 46b: [Ijāzah for Shihāb al-Dīn Abū al-Faḍl Aḥmad, dated [Jerusalem], al-Masjid al-Aqsá, at Bāb al-Ḥadīd, in the last decade of Ramaḍān 87-(?) and on 9 Muḥarram 873, signed by Muḥammad ibn Mūsá ibn ʻUmrān al-Maqarrī al-Ḥanafī al-Ghazzī thumma al-Maqdisī].</subfield>
   </datafield>
   <datafield ind1="8" ind2=" " tag="505">
      <subfield code="a">7. fol. 47b-48b: [Sawād of a text starting with: "al-Ḥamdu lillāh alladhī hadānā (daʻānā) ilá baytihi al-maḥjūj"].</subfield>
   </datafield>
   <datafield ind1="8" ind2=" " tag="505">
      <subfield code="a">8. fol. 49b: [Short text transmitted by al-Sharīf Abū al-Ṭayyib from al-Shaykh al-ʻAllāmah Sirāj al-Dīn al-Bulqīnī].</subfield>
   </datafield>
   <datafield ind1="8" ind2=" " tag="505">
      <subfield code="a">9. fol. 50a-56b: [Verses of poetry, some attributed to al-Ṣāliḥ Abū Bakr al-Ḥalabī al-Bisṭāmī, Shaykh al-Madarasah al-Ṭūlūnīyah in Jerusalem (al-Quds), as a conclusion to the Qasīdat al-Burdah (see fol. 53a) and al-Kamālī Abū al-Maʻālī ibn Abī Sharīf].</subfield>
   </datafield>
   <datafield ind1=" " ind2=" " tag="561">
      <subfield code="a">Acquired from Abraham Shalom Yahuda, 1942.</subfield>
   </datafield>
   <datafield ind1=" " ind2=" " tag="563">
      <subfield code="a">Modern library binding.</subfield>
   </datafield>
   <datafield ind1="4" ind2=" " tag="510">
      <subfield code="a">Mach, R. Yahuda,</subfield>
      <subfield code="c">50, 162, 753, 764, 771</subfield>
   </datafield>
   <datafield ind1=" " ind2=" " tag="541">
      <subfield code="c">Gift ;</subfield>
      <subfield code="a">Robert Garrett, Class of 1897 ;</subfield>
      <subfield code="d">1942.</subfield>
   </datafield>
   <datafield ind1="1" ind2="0" tag="600">
      <subfield code="a">Ibn ʻUmrān, Muḥammad ibn Mūsá,</subfield>
      <subfield code="d">1392-1469.</subfield>
   </datafield>
   <datafield ind1="1" ind2="0" tag="600">
      <subfield code="a">Bulqīnī, ʻUmar ibn Raslān,</subfield>
      <subfield code="d">1324-1403.</subfield>
   </datafield>
   <datafield ind1="1" ind2="0" tag="600">
      <subfield code="a">Būṣīrī, Sharaf al-Dīn Muḥammad ibn Saʻīd,</subfield>
      <subfield code="d">1213?-1296?</subfield>
      <subfield code="t">Burdah.</subfield>
   </datafield>
   <datafield ind1="1" ind2="0" tag="600">
      <subfield code="a">Maqdisī, Muḥammad ibn Aḥmad,</subfield>
      <subfield code="d">d. 1501 or 2.</subfield>
   </datafield>
   <datafield ind1="2" ind2="0" tag="610">
      <subfield code="a">Madrasah al-Ṭūlūnīyah (Jerusalem)</subfield>
      <subfield code="y">15th century.</subfield>
   </datafield>
   <datafield ind1=" " ind2="0" tag="650">
      <subfield code="a">Muslim scholars</subfield>
      <subfield code="x">Certification</subfield>
      <subfield code="x">History</subfield>
      <subfield code="y">15th century</subfield>
      <subfield code="v">Sources.</subfield>
   </datafield>
   <datafield ind1=" " ind2="0" tag="650">
      <subfield code="a">Muslim scholars</subfield>
      <subfield code="x">Certification</subfield>
      <subfield code="x">History</subfield>
      <subfield code="z">Jerusalem</subfield>
      <subfield code="z">Masjid al-Aqsá</subfield>
      <subfield code="y">15th century</subfield>
      <subfield code="v">Sources.</subfield>
   </datafield>
   <datafield ind1=" " ind2="0" tag="650">
      <subfield code="a">Muslim scholars</subfield>
      <subfield code="z">Jerusalem</subfield>
      <subfield code="z">Madrasah al-Ṭūlūnīyah</subfield>
      <subfield code="x">History</subfield>
      <subfield code="y">15th century</subfield>
      <subfield code="v">Sources.</subfield>
   </datafield>
   <datafield ind1=" " ind2="0" tag="650">
      <subfield code="a">Arabic poetry</subfield>
      <subfield code="y">15th century.</subfield>
   </datafield>
   <datafield ind1=" " ind2="0" tag="651">
      <subfield code="a">Jerusalem</subfield>
      <subfield code="x">Intellectual life</subfield>
      <subfield code="y">15th century.</subfield>
   </datafield>
   <datafield ind1=" " ind2="0" tag="650">
      <subfield code="a">Manuscripts, Arabic</subfield>
      <subfield code="z">New Jersey</subfield>
      <subfield code="z">Princeton.</subfield>
   </datafield>
   <datafield ind1="0" ind2=" " tag="774">
      <subfield code="w">4820888</subfield>
   </datafield>
   <datafield ind1="0" ind2=" " tag="774">
      <subfield code="w">4820853</subfield>
   </datafield>
   <datafield ind1="0" ind2=" " tag="774">
      <subfield code="w">4820863</subfield>
   </datafield>
   <datafield ind1="0" ind2=" " tag="774">
      <subfield code="w">4820880</subfield>
   </datafield>
   <datafield ind1="0" ind2=" " tag="774">
      <subfield code="w">4820870</subfield>
   </datafield>
   <datafield ind1="4" ind2="1" tag="856">
      <subfield code="u">http://arks.princeton.edu/ark:/88435/5t34sj62n</subfield>
   </datafield>
</record>