<record xmlns="http://www.loc.gov/MARC21/slim" xmlns:xsi="http://www.w3.org/2001/XMLSchema-instance">
   <leader>03382ctm a2200553Ia 4500</leader>
   <controlfield tag="001">4854496</controlfield>
   <controlfield tag="005">20120525111051.0</controlfield>
   <controlfield tag="008">060919s1345    xx            000 0 ara d</controlfield>
   <datafield ind1=" " ind2=" " tag="035">
      <subfield code="a">(OCoLC)ocm71357240</subfield>
   </datafield>
   <datafield ind1=" " ind2=" " tag="040">
      <subfield code="a">PUL</subfield>
      <subfield code="c">PUL</subfield>
      <subfield code="e">amremm</subfield>
   </datafield>
   <datafield ind1=" " ind2=" " tag="043">
      <subfield code="a">n-us-nj</subfield>
   </datafield>
   <datafield ind1=" " ind2=" " tag="049">
      <subfield code="a">PULL</subfield>
   </datafield>
   <datafield ind1="1" ind2=" " tag="100">
      <subfield code="6">880-01</subfield>
      <subfield code="a">Sharīshī, Muḥammad ibn Aḥmad,</subfield>
      <subfield code="d">1294?-1368?</subfield>
   </datafield>
   <datafield ind1="1" ind2="0" tag="245">
      <subfield code="a">Fawāʼid fiqhīyah ... [etc.].</subfield>
   </datafield>
   <datafield ind1=" " ind2=" " tag="260">
      <subfield code="c">[1345?]</subfield>
   </datafield>
   <datafield ind1=" " ind2=" " tag="300">
      <subfield code="a">i, 51 leaves:</subfield>
      <subfield code="b">paper ;</subfield>
      <subfield code="c">189 x 132 (160 x 112) mm. bound to 188 x 143 mm.</subfield>
   </datafield>
   <datafield ind1=" " ind2=" " tag="500">
      <subfield code="a">Ms. codex.</subfield>
   </datafield>
   <datafield ind1=" " ind2=" " tag="500">
      <subfield code="a">Title supplied by cataloger.</subfield>
   </datafield>
   <datafield ind1="8" ind2=" " tag="520">
      <subfield code="a">Collection of texts on fiqh and ḥadīth.</subfield>
   </datafield>
   <datafield ind1=" " ind2=" " tag="500">
      <subfield code="a">Number of lines per page varies. Written in several scripts, mostly casual medium large naskh, in black ink. Dark cream paper with chain and laid lines visible. Foliation in pencil using Western numerals, counting the first flyleaf as fol. 1.</subfield>
   </datafield>
   <datafield ind1=" " ind2=" " tag="500">
      <subfield code="a">Text 3 (Faṣl al-munāzaʻah) was copied on 25 Rabīʻ al-Ākhar 746 (fol. 16a).</subfield>
   </datafield>
   <datafield ind1="0" ind2=" " tag="505">
      <subfield code="a">1. fol. 2a: [Table of contents].</subfield>
   </datafield>
   <datafield ind1="8" ind2=" " tag="505">
      <subfield code="a">2. fol. 3a: [Several inscriptions].</subfield>
   </datafield>
   <datafield ind1="8" ind2=" " tag="505">
      <subfield code="a">3. fol. 3b-8b: Fawāʼid fiqhīyah / Muḥammad ibn Aḥmad al-Sharīshī (d. 1368).</subfield>
   </datafield>
   <datafield ind1="8" ind2=" " tag="505">
      <subfield code="a">4. fol. 9a-12a: [Several short excerpts, quoting al-Shāmil, ʻAbd al-Wahhāb al-Subkī, the Ṣiḥaḥ of [Ismāʻīl ibn Ḥammād] al-Jawharī].</subfield>
   </datafield>
   <datafield ind1="8" ind2=" " tag="505">
      <subfield code="a">5. fol. 12b-14b: Alghāz / Abū Yūsuf [Muḥammad ibn al-Ḥasan al-Shaybānī (d. 804 or 5)].</subfield>
   </datafield>
   <datafield ind1="8" ind2=" " tag="505">
      <subfield code="a">6. fol. 15a: [Short quotation from Tāj al-Dīn [ʻAbd al-Wahhāb] al-Subkī].</subfield>
   </datafield>
   <datafield ind1="8" ind2=" " tag="505">
      <subfield code="a">7. fol. 16a-22a: Faṣl al-munāzaʻah fī taḥqīq kasr awāʼil al-afʻāl al-muḍāriʻah / Muḥammad ibn Yūnus Abū Zurʻah (d. 1348 or 9).</subfield>
   </datafield>
   <datafield ind1="8" ind2=" " tag="505">
      <subfield code="a">8. fol. 22b: [Inscriptions].</subfield>
   </datafield>
   <datafield ind1="8" ind2=" " tag="505">
      <subfield code="a">8. fol. 23a-29b: [Risālah fī al-ruwāt al-thiqāt. Selections] / Muḥammad ibn Aḥmad al-Dhahabī (d. 1348), abridgment by Muḥammad ibn Yūnus Abū Zurʻah (d. 1348 or 9).</subfield>
   </datafield>
   <datafield ind1="8" ind2=" " tag="505">
      <subfield code="a">9. fol. 30b-31b: [Inscriptions].</subfield>
   </datafield>
   <datafield ind1="8" ind2=" " tag="505">
      <subfield code="a">10. fol. 32a-41b: Asmāʼ al-ṣaḥābah alladhīna ittafaqa ʻalá al-ikhrāj lahum aṣḥāb al-kutub al-sittah.</subfield>
   </datafield>
   <datafield ind1="8" ind2=" " tag="505">
      <subfield code="a">11. fol. 42a-52b: [Several paragraphs dealing mostly with legal matters, starting with a quotation from Sharaf al-Dīn al-Mursī (d. Rabīʻ al-Awwal 655/1257). Ibn ʻAqīl is also quoted (fol. 49b)].</subfield>
   </datafield>
   <datafield ind1=" " ind2=" " tag="561">
      <subfield code="a">Waqf (see note on fol. 4a, 12b, etc.). Acquired from Abraham Shalom Yahuda, 1942.</subfield>
   </datafield>
   <datafield ind1=" " ind2=" " tag="563">
      <subfield code="a">Brown leather over paper pasteboard (visible). The upper and lower covers are similarly blind tooled with a central square pattern and an outer frame consisting of an s-shape running pattern and several fillets. Rebacked. Damaged.</subfield>
   </datafield>
   <datafield ind1="4" ind2=" " tag="510">
      <subfield code="a">Mach, R. Yahuda,</subfield>
      <subfield code="c">980, 1451, 3610, 4615, 4638</subfield>
   </datafield>
   <datafield ind1=" " ind2=" " tag="541">
      <subfield code="c">Gift ;</subfield>
      <subfield code="a">Robert Garrett, Class of 1897 ;</subfield>
      <subfield code="d">1942.</subfield>
   </datafield>
   <datafield ind1=" " ind2="0" tag="650">
      <subfield code="a">Manuscripts, Arabic</subfield>
      <subfield code="z">New Jersey</subfield>
      <subfield code="z">Princeton.</subfield>
   </datafield>
   <datafield ind1=" " ind2="7" tag="655">
      <subfield code="a">Manuscripts, Arabic</subfield>
      <subfield code="y">14th century.</subfield>
      <subfield code="2">lcsh</subfield>
   </datafield>
   <datafield ind1=" " ind2="7" tag="655">
      <subfield code="a">Waqf</subfield>
      <subfield code="x">Books.</subfield>
      <subfield code="2">lcsh</subfield>
   </datafield>
   <datafield ind1="1" ind2="2" tag="700">
      <subfield code="a">Mursī, Muḥammad ibn ʻAbd Allāh,</subfield>
      <subfield code="d">d. 1257.</subfield>
      <subfield code="t">Selections.</subfield>
   </datafield>
   <datafield ind1="0" ind2=" " tag="774">
      <subfield code="w">4854503</subfield>
   </datafield>
   <datafield ind1="0" ind2=" " tag="774">
      <subfield code="w">4854506</subfield>
   </datafield>
   <datafield ind1="0" ind2=" " tag="774">
      <subfield code="w">4854508</subfield>
   </datafield>
   <datafield ind1="0" ind2=" " tag="774">
      <subfield code="w">4854509</subfield>
   </datafield>
   <datafield ind1="0" ind2=" " tag="774">
      <subfield code="w">4854502</subfield>
   </datafield>
   <datafield ind1="1" ind2=" " tag="880">
      <subfield code="6">100-01/r</subfield>
      <subfield code="a">شريشي، محمد بن احمد</subfield>
   </datafield>
   <datafield ind1="4" ind2="1" tag="856">
      <subfield code="u">http://arks.princeton.edu/ark:/88435/2227mp719</subfield>
   </datafield>
</record>