<record xmlns="http://www.loc.gov/MARC21/slim" xmlns:xsi="http://www.w3.org/2001/XMLSchema-instance">
   <leader>04259ctm a2200565Ia 4500</leader>
   <controlfield tag="001">4706293</controlfield>
   <controlfield tag="005">20090112093341.0</controlfield>
   <controlfield tag="008">060421s1658    xx            000 0 ara d</controlfield>
   <datafield ind1=" " ind2=" " tag="035">
      <subfield code="a">(OCoLC)ocm67293012</subfield>
   </datafield>
   <datafield ind1=" " ind2=" " tag="040">
      <subfield code="a">PUL</subfield>
      <subfield code="c">PUL</subfield>
      <subfield code="e">amremm</subfield>
      <subfield code="d">PUL</subfield>
   </datafield>
   <datafield ind1=" " ind2=" " tag="043">
      <subfield code="a">n-us-nj</subfield>
   </datafield>
   <datafield ind1=" " ind2=" " tag="049">
      <subfield code="a">PULL</subfield>
   </datafield>
   <datafield ind1="0" ind2=" " tag="100">
      <subfield code="6">880-01</subfield>
      <subfield code="a">Farghānī,</subfield>
      <subfield code="d">fl. 861</subfield>
   </datafield>
   <datafield ind1="1" ind2="0" tag="240">
      <subfield code="a">Elementa astronomica.</subfield>
      <subfield code="l">Arabic</subfield>
   </datafield>
   <datafield ind1="1" ind2="6" tag="245">
      <subfield code="6">880-02</subfield>
      <subfield code="a">Kitāb al-Majisṭī /</subfield>
      <subfield code="c">li-muʾallifih.</subfield>
   </datafield>
   <datafield ind1="3" ind2="0" tag="246">
      <subfield code="6">880-03</subfield>
      <subfield code="a">Majisṭī</subfield>
   </datafield>
   <datafield ind1="1" ind2=" " tag="246">
      <subfield code="6">880-04</subfield>
      <subfield code="i">Title from beginning of text :</subfield>
      <subfield code="a">Kitāb fī jawāmiʻ ʻilm al-nujūm wa-uṣūl al-hayʾah wa-ḥarakāt al-ashkhāṣ al-samāwīyah</subfield>
   </datafield>
   <datafield ind1="1" ind2=" " tag="246">
      <subfield code="6">880-05</subfield>
      <subfield code="i">Other title given by P. Hitti :</subfield>
      <subfield code="a">Kitāb fī al-Ḥarakāt al-samāwīyah wa-Jawāmiʻ ʻilm al-nujūm</subfield>
   </datafield>
   <datafield ind1=" " ind2=" " tag="260">
      <subfield code="c">[1658]</subfield>
   </datafield>
   <datafield ind1=" " ind2=" " tag="300">
      <subfield code="a">116 leaves : paper ; 147 x 104 (103 x 68) mm. bound to 147 x 115 mm.</subfield>
   </datafield>
   <datafield ind1=" " ind2=" " tag="500">
      <subfield code="a">Ms. codex.</subfield>
   </datafield>
   <datafield ind1=" " ind2=" " tag="500">
      <subfield code="a">Title from title page (fol. 1a).</subfield>
   </datafield>
   <datafield ind1="8" ind2=" " tag="520">
      <subfield code="a">Treatise on astronomy in thirty chapters. The volume also contains portions of a work on astronomy by Kushyār ibn Labbān (Maqālah 3, bāb 9-11 and 3).</subfield>
   </datafield>
   <datafield ind1=" " ind2=" " tag="500">
      <subfield code="a">The name of the author appears in the opening of the text as Aḥmad ibn Muḥammad ibn Kathīr al-Farghānī (fol. 2b).</subfield>
   </datafield>
   <datafield ind1=" " ind2=" " tag="500">
      <subfield code="a">The title also appears on the lower edge (hardly legible).</subfield>
   </datafield>
   <datafield ind1=" " ind2=" " tag="500">
      <subfield code="a">11 long lines per page. Written in medium small naskh in black ink, with red for headings, numbers and overlining. Glazed European paper with watermark. A few corrections in the margin. On fol. 1a: inscription "L135 (Ga.II.29)". On the pastedown on the upper cover: Arabic number "139".</subfield>
   </datafield>
   <datafield ind1=" " ind2=" " tag="500">
      <subfield code="a">Collation: Paper, fol. 116 ; 1¹⁰ (-1 with no loss of text) 2-11¹⁰ 12⁶ (+1) ; quires numbered using Arabic numerals (quire 3 and 4 only, fol. 20a and 30a) ; catchword on the verso of each leaf.</subfield>
   </datafield>
   <datafield ind1=" " ind2=" " tag="500">
      <subfield code="a">Copied by Khalīl ibn Aḥmad al-Tūnisī in 22 Dhū al-Ḥijjah 1068 (colophon, fol. 116b, with the seal of the copyist).</subfield>
   </datafield>
   <datafield ind1="0" ind2=" " tag="505">
      <subfield code="a">1. fol. 2a-96a : Kitāb al-Majisṭī / Farghānī.</subfield>
   </datafield>
   <datafield ind1="8" ind2=" " tag="505">
      <subfield code="a">2. fol. 96b-116b : [Excerpts from al-Zīj al-jāmiʻ] / Kūshyār, d. ca. 961 (Maqālah 3, Bāb 9 : Fī ʻilm al-hayʾah ; Bāb 10 : Fī al-ṭarīq ilá masāḥat al-arḍ ; Bāb 11 : Fī maqādīr al-abʻād wa-al-ajrām ; Bāb 3 : Fī ṣifat azmān mā bayna al-kusūfāt).</subfield>
   </datafield>
   <datafield ind1=" " ind2=" " tag="561">
      <subfield code="a">Acquired from Brill, Leyden, 1904.</subfield>
   </datafield>
   <datafield ind1=" " ind2=" " tag="563">
      <subfield code="a">Covers and envelope flap made of brown leather over paper pasteboards. The covers are similarly decorated, with a central blind-stamped mandorla and a border of two double blind fillets. The envelope flap has the same border and a blind stamped roundel on the point. Paper pastedowns.</subfield>
   </datafield>
   <datafield ind1="4" ind2=" " tag="510">
      <subfield code="a">Hitti, P. Garrett coll.,</subfield>
      <subfield code="c">967</subfield>
   </datafield>
   <datafield ind1="4" ind2=" " tag="510">
      <subfield code="a">Brockelmann, C. GAL,</subfield>
      <subfield code="c">GI, 221/1</subfield>
   </datafield>
   <datafield ind1="4" ind2=" " tag="510">
      <subfield code="a">Brockelmann, C. GAL,</subfield>
      <subfield code="c">SI, 393/1</subfield>
   </datafield>
   <datafield ind1="4" ind2=" " tag="510">
      <subfield code="a">Sezgin, GAS,</subfield>
      <subfield code="c">150/1</subfield>
   </datafield>
   <datafield ind1=" " ind2=" " tag="541">
      <subfield code="c">Gift ;</subfield>
      <subfield code="a">Robert Garrett, Class of 1897 ;</subfield>
      <subfield code="d">1942.</subfield>
   </datafield>
   <datafield ind1=" " ind2="0" tag="650">
      <subfield code="a">Astronomy, Arab</subfield>
      <subfield code="v">Early works to 1800.</subfield>
   </datafield>
   <datafield ind1=" " ind2="0" tag="650">
      <subfield code="a">Manuscripts, Arabic</subfield>
      <subfield code="z">New Jersey</subfield>
      <subfield code="z">Princeton.</subfield>
   </datafield>
   <datafield ind1=" " ind2="7" tag="655">
      <subfield code="a">Manuscripts, Arabic</subfield>
      <subfield code="y">17th century.</subfield>
      <subfield code="2">lcsh</subfield>
   </datafield>
   <datafield ind1="0" ind2=" " tag="774">
      <subfield code="w">4706295</subfield>
   </datafield>
   <datafield ind1="0" ind2=" " tag="880">
      <subfield code="6">100-01//r</subfield>
      <subfield code="a">فرغاني</subfield>
   </datafield>
   <datafield ind1="1" ind2="2" tag="880">
      <subfield code="6">245-02//r</subfield>
      <subfield code="a">كتاب المجسطي /</subfield>
      <subfield code="c">لمؤلفه.</subfield>
   </datafield>
   <datafield ind1="3" ind2="0" tag="880">
      <subfield code="6">246-03//r</subfield>
      <subfield code="a">مجسطي</subfield>
   </datafield>
   <datafield ind1="1" ind2=" " tag="880">
      <subfield code="6">246-04//r</subfield>
      <subfield code="a">كتاب في جوامع علم النجوم واصول الهيئة وحركات الاشخاص السماوية</subfield>
   </datafield>
   <datafield ind1="1" ind2=" " tag="880">
      <subfield code="6">246-05//r</subfield>
      <subfield code="a">كتاب في الحركات السماوية وجوامع علم النجوم</subfield>
   </datafield>
   <datafield ind1=" " ind2=" " tag="880">
      <subfield code="6">500-00//r</subfield>
      <subfield code="a">Incipit : بسم ... هذا كتاب الفه احمد بن محمد بن كثير الفرغاني الحاسب في جوامع علم النجوم واصول الهيئةِ وحركات الاشخاص السماوية وهي ثلاثون فصلا الفصل الاول في سني العرب و العجم ... الفصل الثاني في ان السماء</subfield>
   </datafield>
   <datafield ind1=" " ind2=" " tag="880">
      <subfield code="6">500-00//r</subfield>
      <subfield code="a">Explicit : والاخر في الناحية الجنوبية فقد بينا من كشوف الشمس والقمر ما فيه كفاية ان شآء الله تعالي تم الكتاب</subfield>
   </datafield>
   <datafield ind1="4" ind2="1" tag="856">
      <subfield code="u">http://arks.princeton.edu/ark:/88435/x920fw91b</subfield>
   </datafield>
</record>