<record xmlns="http://www.loc.gov/MARC21/slim" xmlns:xsi="http://www.w3.org/2001/XMLSchema-instance">
   <leader>02963ctm a2200433Ia 4500</leader>
   <controlfield tag="001">4779293</controlfield>
   <controlfield tag="005">20120525112509.0</controlfield>
   <controlfield tag="008">060612m14851487ua            000 0 ara d</controlfield>
   <datafield ind1=" " ind2=" " tag="035">
      <subfield code="a">(OCoLC)ocm70069777</subfield>
   </datafield>
   <datafield ind1=" " ind2=" " tag="040">
      <subfield code="a">PUL</subfield>
      <subfield code="c">PUL</subfield>
   </datafield>
   <datafield ind1=" " ind2=" " tag="043">
      <subfield code="a">n-us-nj</subfield>
      <subfield code="a">f-ua---</subfield>
   </datafield>
   <datafield ind1=" " ind2=" " tag="049">
      <subfield code="a">PULL</subfield>
   </datafield>
   <datafield ind1="1" ind2=" " tag="100">
      <subfield code="6">880-01</subfield>
      <subfield code="a">ʻAlāʼī, Muḥammad ibn Aḥmad,</subfield>
      <subfield code="d">1452-1512 or 13.</subfield>
   </datafield>
   <datafield ind1="1" ind2="0" tag="245">
      <subfield code="a">Tuḥfat dhawī al-albāb fī maḥāsin al-adab ... [etc.].</subfield>
   </datafield>
   <datafield ind1=" " ind2=" " tag="260">
      <subfield code="a">Cairo,</subfield>
      <subfield code="c">[1485-1487]</subfield>
   </datafield>
   <datafield ind1=" " ind2=" " tag="300">
      <subfield code="a">73 leaves :</subfield>
      <subfield code="b">paper ;</subfield>
      <subfield code="c">181 x 134 (119 x 80 and 168 x 128) mm.</subfield>
   </datafield>
   <datafield ind1=" " ind2=" " tag="500">
      <subfield code="a">Ms. codex.</subfield>
   </datafield>
   <datafield ind1=" " ind2=" " tag="500">
      <subfield code="a">Title supplied by cataloger.</subfield>
   </datafield>
   <datafield ind1="8" ind2=" " tag="520">
      <subfield code="a">Abridgment of Ibn ʻAbd al-Barr's Jamīʻ bayān al-ʻilm wa-faḍlih, on the virtues of science. The ms. contains also selections from two other texts.</subfield>
   </datafield>
   <datafield ind1=" " ind2=" " tag="500">
      <subfield code="a">19 lines per page (text 1). From fol. 59 on: 33 to 37 lines. Written in small naskh in black ink with use of red. Marginal notes. Collation statement at the end of each quire (see fol. 20b, 30b, 58a). The quires are numbered in red ink, using Arabic numerals (see fol. 11a, 21a, 31a, 41a, 51a). There are no catchwords. Fol. 1a-2a: inscriptions and ownership statements. Fol. 2a and 72b: impressions of stamps. Fol. 2 consists of two leaves pasted on one another, with inscriptions visible. Worm-eaten ; extremely fragile.</subfield>
   </datafield>
   <datafield ind1=" " ind2=" " tag="500">
      <subfield code="a">Text 1 copied on 11 Muḥarram 890 in the Madrasah al-Daylamīyah in Cairo (fol. 58a). Text 3 copied on 11 Ramaḍān 892 (fol. 69b).</subfield>
   </datafield>
   <datafield ind1="0" ind2=" " tag="505">
      <subfield code="a">1. fol. 2a-58a: Tuḥfat dhawī al-albāb fī maḥāsin al-adab / Muḥammad ibn Aḥmad al-ʻAlāʼī.</subfield>
   </datafield>
   <datafield ind1="8" ind2=" " tag="505">
      <subfield code="a">2. fol. 58b: Min inshāʼ kātibihi ... Muḥammad ibn Aḥmad al-ʻAlāʼī.</subfield>
   </datafield>
   <datafield ind1="8" ind2=" " tag="505">
      <subfield code="a">3. fol. 59a-b: Faṣl fī mabdaʼ nahr al-Nīl wa-muntahāh [apparently an abstract from al-Qawl al-mufīd fī al-Nīl al-saʻīd by Muḥammad ibn Aḥmad al-Maḥallī, d. 864/1459].</subfield>
   </datafield>
   <datafield ind1="8" ind2=" " tag="505">
      <subfield code="a">4. fol. 60b-69b: Intiqāʼ Zahr al-rabīʻ / Muḥammad ibn Aḥmad al-ʻAlāʼī.</subfield>
   </datafield>
   <datafield ind1="8" ind2=" " tag="505">
      <subfield code="a">5. fol. 70a-72b: [Several short texts].</subfield>
   </datafield>
   <datafield ind1=" " ind2=" " tag="563">
      <subfield code="a">Upper and lower covers and envelope flap made of brown leather over paper pasteboard. Marbled paper (almost completely faded) pasted on both covers and envelope flap. Yellow paper pastedowns.</subfield>
   </datafield>
   <datafield ind1="4" ind2=" " tag="510">
      <subfield code="a">Mach, R. Yahuda,</subfield>
      <subfield code="c">16, 4274, 4440</subfield>
   </datafield>
   <datafield ind1=" " ind2="0" tag="650">
      <subfield code="a">Nile River</subfield>
      <subfield code="v">Early works to 1800.</subfield>
   </datafield>
   <datafield ind1=" " ind2="0" tag="651">
      <subfield code="a">Egypt</subfield>
      <subfield code="x">Description and travel</subfield>
      <subfield code="v">Early works to 1800.</subfield>
   </datafield>
   <datafield ind1=" " ind2="0" tag="650">
      <subfield code="a">Manuscripts, Arabic</subfield>
      <subfield code="z">New Jersey</subfield>
      <subfield code="z">Princeton.</subfield>
   </datafield>
   <datafield ind1=" " ind2="7" tag="655">
      <subfield code="a">Manuscripts, Arabic</subfield>
      <subfield code="y">15th century.</subfield>
      <subfield code="2">lcsh</subfield>
   </datafield>
   <datafield ind1=" " ind2="7" tag="655">
      <subfield code="a">Manuscripts, Arabic</subfield>
      <subfield code="z">Egypt</subfield>
      <subfield code="z">Cairo</subfield>
      <subfield code="y">15th century.</subfield>
      <subfield code="2">lcsh</subfield>
   </datafield>
   <datafield ind1="1" ind2="2" tag="700">
      <subfield code="a">Maḥallī, Jalāl al-Dīn Muḥammad ibn Aḥmad,</subfield>
      <subfield code="d">1389-1459.</subfield>
      <subfield code="t">Qawl al-mufīd fī al-Nīl al-saʻīd.</subfield>
      <subfield code="k">Selections.</subfield>
   </datafield>
   <datafield ind1="0" ind2=" " tag="774">
      <subfield code="w">4779299</subfield>
   </datafield>
   <datafield ind1="0" ind2=" " tag="774">
      <subfield code="w">4779302</subfield>
   </datafield>
   <datafield ind1="1" ind2=" " tag="880">
      <subfield code="6">100-01//r</subfield>
      <subfield code="a">علائي، محمد بن احمد</subfield>
   </datafield>
   <datafield ind1="4" ind2="1" tag="856">
      <subfield code="u">http://arks.princeton.edu/ark:/88435/sj1391991</subfield>
   </datafield>
</record>