<record xmlns="http://www.loc.gov/MARC21/slim" xmlns:xsi="http://www.w3.org/2001/XMLSchema-instance">
   <leader>04563ctm a2200697Ia 4500</leader>
   <controlfield tag="001">4855296</controlfield>
   <controlfield tag="005">20120525115125.0</controlfield>
   <controlfield tag="008">060921s1411    xx            000 0 ara d</controlfield>
   <datafield ind1=" " ind2=" " tag="035">
      <subfield code="a">(OCoLC)ocm71422471</subfield>
   </datafield>
   <datafield ind1=" " ind2=" " tag="040">
      <subfield code="a">PUL</subfield>
      <subfield code="c">PUL</subfield>
      <subfield code="e">amremm</subfield>
   </datafield>
   <datafield ind1=" " ind2=" " tag="043">
      <subfield code="a">n-us-nj</subfield>
   </datafield>
   <datafield ind1=" " ind2=" " tag="049">
      <subfield code="a">PULL</subfield>
   </datafield>
   <datafield ind1="1" ind2=" " tag="100">
      <subfield code="6">880-01</subfield>
      <subfield code="a">Ibn Taymīyah, Aḥmad ibn ʻAbd al-Ḥalīm,</subfield>
      <subfield code="d">1263-1328.</subfield>
   </datafield>
   <datafield ind1="1" ind2="0" tag="245">
      <subfield code="a">Lamḥat al-mukhtaṭif fī al-farq bayna al-ṭalāq wa-al-ḥilf ... [etc.].</subfield>
   </datafield>
   <datafield ind1=" " ind2=" " tag="260">
      <subfield code="c">[1411?]</subfield>
   </datafield>
   <datafield ind1=" " ind2=" " tag="300">
      <subfield code="a">i, 98 leaves:</subfield>
      <subfield code="b">paper ;</subfield>
      <subfield code="c">175 x 132 (135 x 103) mm.</subfield>
   </datafield>
   <datafield ind1=" " ind2=" " tag="500">
      <subfield code="a">Ms. codex.</subfield>
   </datafield>
   <datafield ind1=" " ind2=" " tag="500">
      <subfield code="a">Title supplied by cataloger.</subfield>
   </datafield>
   <datafield ind1="8" ind2=" " tag="520">
      <subfield code="a">Collection of several texts, mostly by Ibn Taymīyah.</subfield>
   </datafield>
   <datafield ind1=" " ind2=" " tag="500">
      <subfield code="a">19 lines per page. Written in medium small naskh in black ink. Catchword on the verso of each leaf. Dark cream glazed paper with laid and chain lines visible. Fol. i is a fly-leaf with a modern label. On fol. 1a: Title of the first text followed by a table of contents by another hand (listing a few texts which are not in the actual state of the ms.). In this table as in the numbering in red ink of the texts, some texts here distinguished are not considered separate (texts 6, 8, and 11 in the table of contents of this record). On fol. 70a: Ownership statement and inscriptions.</subfield>
   </datafield>
   <datafield ind1=" " ind2=" " tag="500">
      <subfield code="a">Copied by Muḥammad ibn Muḥammad ibn Abī Shāmah al-M[-]lī al-Ḥanbalī in Shaʻbān 814 in the Madrasat Abī ʻUmar? [in Damascus?, cf. Sauvaget, Les monuments historiques de Damas, no. 87] (see fol. 23a, 29b). However, if the Badr al-Dīn al-Ghazzī quoted on fol. 98a is Muḥammad ibn Muḥammad (1499-1577), this date might be incorrect.</subfield>
   </datafield>
   <datafield ind1=" " ind2=" " tag="561">
      <subfield code="a">Ownership statement on fol. 70a. Acquired from Abraham Shalom Yahuda, 1942.</subfield>
   </datafield>
   <datafield ind1=" " ind2=" " tag="563">
      <subfield code="a">Disbound. The sewing holes are visible.</subfield>
   </datafield>
   <datafield ind1="0" ind2=" " tag="505">
      <subfield code="a">1. fol. 1a-5a: Lamḥat al-mukhtaṭif fī al-farq bayna al-ṭalāq wa-al-ḥilf / Ibn Taymīyah.</subfield>
   </datafield>
   <datafield ind1="8" ind2=" " tag="505">
      <subfield code="a">2. fol. 5b-16a: Tafsīr al-Muʻawwidhatayn / Ibn Taymīyah.</subfield>
   </datafield>
   <datafield ind1="8" ind2=" " tag="505">
      <subfield code="a">3. fol. 16b-23a: Tuḥfat al-ṭālib wa-minḥat al-rāghib.</subfield>
   </datafield>
   <datafield ind1="8" ind2=" " tag="505">
      <subfield code="a">4. fol. 23b-29b: Qāʻidah fī al-amwāl al-sulṭānīyah / Ibn Taymīyah.</subfield>
   </datafield>
   <datafield ind1="8" ind2=" " tag="505">
      <subfield code="a">5. fol. 30a-37a: Futyā fī al-raqʻatayn allatayn yuqāl fī-himā anna-humā sunnat al-jumʻah / Ibn Taymīyah.</subfield>
   </datafield>
   <datafield ind1="8" ind2=" " tag="505">
      <subfield code="a">6. fol. 37a-37b: Masʼalah fī-mā yafʻaluhu baʻḍ al-khuṭabāʼ yawm al-Jumʻah / [Ibn Taymīyah?].</subfield>
   </datafield>
   <datafield ind1="8" ind2=" " tag="505">
      <subfield code="a">7. fol. 38a-43b: Qāʻidah jalīlah fī taḥzīb al-Qurʼān wa-fī kam yuqraʼ wa-fī bayān miqdār al-ṣiyām wa-al-qiyām al-mashrūʻ / Ibn Taymīyah.</subfield>
   </datafield>
   <datafield ind1="8" ind2=" " tag="505">
      <subfield code="a">8. fol. 43b-45b: Faṣl sūrat Ḥāʼ Mīm al-Sajdah / Ibn Taymīyah.</subfield>
   </datafield>
   <datafield ind1="8" ind2=" " tag="505">
      <subfield code="a">9. fol. 46a-52b: Masāʼil fī al-ijārah wa-naqḍ baʻḍ al-munfaʻah wa-al-jawāʼiḥ wa-al-farq bayna al-jāʼiḥah fī al-thamar wa-al-zarʻ wa-ghayr dhālika / Ibn Taymīyah.</subfield>
   </datafield>
   <datafield ind1="8" ind2=" " tag="505">
      <subfield code="a">10. fol. 53a-60a: Faṣl fīman awqaʻa al-ʻuqūd al-muḥarramah thumma tāba / Ibn Taymīyah.</subfield>
   </datafield>
   <datafield ind1="8" ind2=" " tag="505">
      <subfield code="a">11. fol. 60a-62a: Faṣl fī iʻtibār al-nīyah fī al-nikāḥ / Ibn Taymīyah.</subfield>
   </datafield>
   <datafield ind1="8" ind2=" " tag="505">
      <subfield code="a">12. fol. 62b-69b: Bayān al-hudá wa-al-ẓilāl fī amr al-hilāl / Ibn Taymīyah.</subfield>
   </datafield>
   <datafield ind1="8" ind2=" " tag="505">
      <subfield code="a">13. fol. 70a-81b: Qāʻidah sharīfah fī tafsīr qawlihi a-fa-ghayr Allāh attakhidhu walīyan fāṭir al-samawāt wa-al-arḍ wa-huwa yuṭʻimu wa-lā yuṭʻamu / Ibn Taymīyah.</subfield>
   </datafield>
   <datafield ind1="8" ind2=" " tag="505">
      <subfield code="a">14. fol. 82a-97b: Qāʻidah fī al-luʻb bi-al-shiṭranj / Ibn Taymīyah.</subfield>
   </datafield>
   <datafield ind1="8" ind2=" " tag="505">
      <subfield code="a">15. fol. 98a: [Verses of poetry] / Badr al-Dīn al-Ghazzī.</subfield>
   </datafield>
   <datafield ind1="4" ind2=" " tag="510">
      <subfield code="a">Mach, R. Yahuda,</subfield>
      <subfield code="c">115, 423, 436, 455, 1518, 1519, 1520, 1521, 1522, 1730, 1823, 1824, 2039, 2981</subfield>
   </datafield>
   <datafield ind1=" " ind2=" " tag="541">
      <subfield code="c">Gift ;</subfield>
      <subfield code="a">Robert Garrett, Class of 1897 ;</subfield>
      <subfield code="d">1942.</subfield>
   </datafield>
   <datafield ind1=" " ind2="0" tag="650">
      <subfield code="a">Manuscripts, Arabic</subfield>
      <subfield code="z">New Jersey</subfield>
      <subfield code="z">Princeton.</subfield>
   </datafield>
   <datafield ind1=" " ind2="7" tag="655">
      <subfield code="a">Manuscripts, Arabic</subfield>
      <subfield code="y">15th century.</subfield>
      <subfield code="2">lcsh</subfield>
   </datafield>
   <datafield ind1="1" ind2="2" tag="700">
      <subfield code="a">Ghazzī, Badr al-Dīn.</subfield>
      <subfield code="t">Selections.</subfield>
   </datafield>
   <datafield ind1="1" ind2="2" tag="700">
      <subfield code="a">Muḥammad ibn Muḥammad ibn Abī Shāmah al-Ḥanbalī,</subfield>
      <subfield code="e">copyist</subfield>
   </datafield>
   <datafield ind1="0" ind2=" " tag="774">
      <subfield code="w">4855303</subfield>
   </datafield>
   <datafield ind1="0" ind2=" " tag="774">
      <subfield code="w">4855316</subfield>
   </datafield>
   <datafield ind1="0" ind2=" " tag="774">
      <subfield code="w">4855314</subfield>
   </datafield>
   <datafield ind1="0" ind2=" " tag="774">
      <subfield code="w">4855312</subfield>
   </datafield>
   <datafield ind1="0" ind2=" " tag="774">
      <subfield code="w">4855311</subfield>
   </datafield>
   <datafield ind1="0" ind2=" " tag="774">
      <subfield code="w">4855309</subfield>
   </datafield>
   <datafield ind1="0" ind2=" " tag="774">
      <subfield code="w">4855307</subfield>
   </datafield>
   <datafield ind1="0" ind2=" " tag="774">
      <subfield code="w">4855305</subfield>
   </datafield>
   <datafield ind1="0" ind2=" " tag="774">
      <subfield code="w">4855304</subfield>
   </datafield>
   <datafield ind1="0" ind2=" " tag="774">
      <subfield code="w">4855298</subfield>
   </datafield>
   <datafield ind1="0" ind2=" " tag="774">
      <subfield code="w">4855323</subfield>
   </datafield>
   <datafield ind1="0" ind2=" " tag="774">
      <subfield code="w">4855322</subfield>
   </datafield>
   <datafield ind1="0" ind2=" " tag="774">
      <subfield code="w">4855302</subfield>
   </datafield>
   <datafield ind1="0" ind2=" " tag="774">
      <subfield code="w">4855319</subfield>
   </datafield>
   <datafield ind1="1" ind2=" " tag="880">
      <subfield code="6">100-01/r</subfield>
      <subfield code="a">ابن تيمية، احمد بن عبد الحليم</subfield>
   </datafield>
   <datafield ind1="4" ind2="1" tag="856">
      <subfield code="u">http://arks.princeton.edu/ark:/88435/ns064607w</subfield>
   </datafield>
</record>