<record xmlns="http://www.loc.gov/MARC21/slim" xmlns:xsi="http://www.w3.org/2001/XMLSchema-instance">
   <leader>02754ctm a2200433Ia 4500</leader>
   <controlfield tag="001">4707586</controlfield>
   <controlfield tag="005">20120530093925.0</controlfield>
   <controlfield tag="008">060425q17001899xx            000 0 ara d</controlfield>
   <datafield ind1=" " ind2=" " tag="035">
      <subfield code="a">(OCoLC)ocm67612473</subfield>
   </datafield>
   <datafield ind1=" " ind2=" " tag="040">
      <subfield code="a">PUL</subfield>
      <subfield code="c">PUL</subfield>
      <subfield code="e">amremm</subfield>
   </datafield>
   <datafield ind1=" " ind2=" " tag="043">
      <subfield code="a">n-us-nj</subfield>
   </datafield>
   <datafield ind1=" " ind2=" " tag="049">
      <subfield code="a">PULL</subfield>
   </datafield>
   <datafield ind1="0" ind2=" " tag="100">
      <subfield code="a">Ulugh Beg,</subfield>
      <subfield code="d">1394-1449</subfield>
   </datafield>
   <datafield ind1="1" ind2="0" tag="240">
      <subfield code="a">Zīj-i jadīd-i Sultānī.</subfield>
      <subfield code="l">Arabic</subfield>
   </datafield>
   <datafield ind1="1" ind2="0" tag="245">
      <subfield code="6">880-01</subfield>
      <subfield code="a">Jadwal al-ẓill al-awwal al-mankūs al-sittīnī min Zīj Lughbīk.</subfield>
   </datafield>
   <datafield ind1=" " ind2=" " tag="260">
      <subfield code="c">[between 17--? and 18--?]</subfield>
   </datafield>
   <datafield ind1=" " ind2=" " tag="300">
      <subfield code="a">30 leaves : paper ; 225 x 165 (203 x 15) mm. bound to 225 x 176 mm.</subfield>
   </datafield>
   <datafield ind1=" " ind2=" " tag="500">
      <subfield code="a">Ms. codex.</subfield>
   </datafield>
   <datafield ind1=" " ind2=" " tag="500">
      <subfield code="a">Title from title page (fol. 1a).</subfield>
   </datafield>
   <datafield ind1="8" ind2=" " tag="520">
      <subfield code="a">Part of the astronomical tables of Ulugh Bey in Arabic, comprising the table of the First Shadow (al-ẓill al-awwal) and the table of the Sine (al-jayb), with instructions on how to use the second one.</subfield>
   </datafield>
   <datafield ind1=" " ind2=" " tag="500">
      <subfield code="a">Written in black and red ink in a casual script bent to the right. The tables are drawn in red ink. Glazed European paper. The paper of the second part (from fol. 12 on) is smoother than that of the first part. Instructions by the copyist on how to read the tables on fol. 7a and 11a.</subfield>
   </datafield>
   <datafield ind1=" " ind2=" " tag="500">
      <subfield code="a">Collation: Paper, fol. 30 ; 1⁸ (+4, ff. 1-2, 11-12) 2⁶ 3⁸ 4⁴.</subfield>
   </datafield>
   <datafield ind1=" " ind2=" " tag="500">
      <subfield code="a">There is no colophon.</subfield>
   </datafield>
   <datafield ind1="0" ind2=" " tag="505">
      <subfield code="a">1. ff. 1a-12a : Jadwal al-ẓill al-awwal al-mankūs al-sittīnī</subfield>
   </datafield>
   <datafield ind1="8" ind2=" " tag="505">
      <subfield code="a">2. ff. 13a-30a : Jadwal al-jayb.</subfield>
   </datafield>
   <datafield ind1=" " ind2=" " tag="561">
      <subfield code="a">Acquired from Brill, Leyden, 1904, from the books of Amīn ibn al-Ḥasan al-Ḥulwānī al-Madanī al-Ḥanafī (Medina).</subfield>
   </datafield>
   <datafield ind1=" " ind2=" " tag="563">
      <subfield code="a">Upper and lower covers and envelope flap have paper with red motifs on a beige background pasted on leather over paper pasteboards. Paper pastedowns. Disbound.</subfield>
   </datafield>
   <datafield ind1="4" ind2=" " tag="510">
      <subfield code="a">Hitti, P. Garrett coll.,</subfield>
      <subfield code="c">981</subfield>
   </datafield>
   <datafield ind1="4" ind2=" " tag="510">
      <subfield code="a">Brockelmann, C. GAL,</subfield>
      <subfield code="c">GII, 213/1</subfield>
   </datafield>
   <datafield ind1="4" ind2=" " tag="510">
      <subfield code="a">Brockelmann, C. GAL,</subfield>
      <subfield code="c">SII, 298/3.1</subfield>
   </datafield>
   <datafield ind1=" " ind2=" " tag="541">
      <subfield code="c">Gift ;</subfield>
      <subfield code="a">Robert Garrett, Class of 1897 ;</subfield>
      <subfield code="d">1942.</subfield>
   </datafield>
   <datafield ind1=" " ind2="0" tag="650">
      <subfield code="a">Astronomy, Arab</subfield>
      <subfield code="v">Tables</subfield>
      <subfield code="y">15th century.</subfield>
   </datafield>
   <datafield ind1=" " ind2="0" tag="650">
      <subfield code="a">Manuscripts, Arabic</subfield>
      <subfield code="z">New Jersey</subfield>
      <subfield code="z">Princeton.</subfield>
   </datafield>
   <datafield ind1=" " ind2="7" tag="655">
      <subfield code="a">Manuscripts, Arabic</subfield>
      <subfield code="y">18th century.</subfield>
      <subfield code="2">lcsh</subfield>
   </datafield>
   <datafield ind1="1" ind2="0" tag="880">
      <subfield code="6">245-01//r</subfield>
      <subfield code="a">جدول الظل الاول المنكوس الستيني من زيج لغبيك</subfield>
   </datafield>
   <datafield ind1=" " ind2=" " tag="880">
      <subfield code="6">500-00//r</subfield>
      <subfield code="a">Incipit: منكوس ستيني جدول الظل الاول [...] يسمي(؟) الظل المعكوس من زيج الغ بيك السمرقمدي بِحَذْف التفاصل وزيادة العدد المنا[--]س</subfield>
   </datafield>
   <datafield ind1=" " ind2=" " tag="880">
      <subfield code="6">500-00//r</subfield>
      <subfield code="a">Explicit: ثم جمعنا الحاصلين فكان المبلغ [...] لط ح لطه فقِسْ علي ذلك تصِب ان شا الله تعالي</subfield>
   </datafield>
   <datafield ind1="4" ind2="1" tag="856">
      <subfield code="u">http://arks.princeton.edu/ark:/88435/j098zb161</subfield>
   </datafield>
</record>