<record xmlns="http://www.loc.gov/MARC21/slim" xmlns:xsi="http://www.w3.org/2001/XMLSchema-instance">
   <leader>03620ctm a2200481Ia 4500</leader>
   <controlfield tag="001">4789774</controlfield>
   <controlfield tag="005">20120531121432.0</controlfield>
   <controlfield tag="008">060628q13uu16uuxx            000 0 ara d</controlfield>
   <datafield ind1=" " ind2=" " tag="035">
      <subfield code="a">(OCoLC)ocm70201213</subfield>
   </datafield>
   <datafield ind1=" " ind2=" " tag="040">
      <subfield code="a">PUL</subfield>
      <subfield code="c">PUL</subfield>
      <subfield code="e">amremm</subfield>
   </datafield>
   <datafield ind1=" " ind2=" " tag="043">
      <subfield code="a">n-us-nj</subfield>
   </datafield>
   <datafield ind1=" " ind2=" " tag="049">
      <subfield code="a">PULL</subfield>
   </datafield>
   <datafield ind1="1" ind2=" " tag="100">
      <subfield code="6">880-01</subfield>
      <subfield code="a">Iṣfahānī, ʻAbd al-Muʼmin ibn Hibat Allāh,</subfield>
      <subfield code="d">d. 1203 or 4.</subfield>
   </datafield>
   <datafield ind1="1" ind2="0" tag="245">
      <subfield code="6">880-02</subfield>
      <subfield code="a">Aṭbāq al-dhahab.</subfield>
   </datafield>
   <datafield ind1=" " ind2=" " tag="260">
      <subfield code="c">[13--?]</subfield>
   </datafield>
   <datafield ind1=" " ind2=" " tag="300">
      <subfield code="a">68 leaves :</subfield>
      <subfield code="b">paper ;</subfield>
      <subfield code="c">152 x 115 (126 x 85) mm. bound to 155 x 120 mm.</subfield>
   </datafield>
   <datafield ind1=" " ind2=" " tag="500">
      <subfield code="a">Ms. codex.</subfield>
   </datafield>
   <datafield ind1=" " ind2=" " tag="500">
      <subfield code="a">Title from beginning of text (fol. 5b, l. 3).</subfield>
   </datafield>
   <datafield ind1="8" ind2=" " tag="520">
      <subfield code="a">Moral treatise, being an imitation of Abū al-Qāsim al-Zamakhsharī's Aṭwāq al-dhahab (GAL). Incomplete at end, comprising the text up to maqālah 98.</subfield>
   </datafield>
   <datafield ind1=" " ind2=" " tag="500">
      <subfield code="a">13 lines per page. Written in medium large naskh in black ink with use of red for punctuation and re-inking of the headings. Dark cream paper with no lines visible. Interlinear annotations (mostly Persian translation of the text). Fol. 1-2 and 67-68: fly-leaves (European glazed paper with watermark). Fol. 67-68: blank, except inscription on fol. 68b. Fol. 3a seems to be a fly-leaf pasted on an original leaf. Foliation in pencil using Western numerals. On a piece of paper pasted on fol. 68b: Inscription with the mention of the title and inscription "Raqm 24" in Arabic script.</subfield>
   </datafield>
   <datafield ind1=" " ind2=" " tag="500">
      <subfield code="a">According to R. Mach, copied in the 8th cent. H.</subfield>
   </datafield>
   <datafield ind1=" " ind2=" " tag="500">
      <subfield code="a">Collation: Paper ; first quire difficult to determine. From fol. 9a: 1-7⁸ + 2 (fol. 65-66); quires are numbered using Arabic ordinals (in the form "al-thānī", see fol. 9a) ; catchword on the verso of each leaf.</subfield>
   </datafield>
   <datafield ind1=" " ind2=" " tag="561">
      <subfield code="a">Autograph dedication by Muḥammad Bahāʼ al-Dīn al-ʻĀmilī to Ṣadr al-Dīn Muḥammad al-Tabrīzī ; ownership statement by Muḥammad ibn ʻAbd al-Wahhāb al-Hamadānī (fol. 3a). Acquired from Abraham Shalom Yahuda, 1942.</subfield>
   </datafield>
   <datafield ind1=" " ind2=" " tag="563">
      <subfield code="a">Stiffened red leather with similar blind tooling on the upper and lower covers: single fillet frame enclosed in an outer frame made of fillets and a running s-shape pattern. Paper pastedowns.</subfield>
   </datafield>
   <datafield ind1="4" ind2=" " tag="510">
      <subfield code="a">Mach, R. Yahuda,</subfield>
      <subfield code="c">4312</subfield>
   </datafield>
   <datafield ind1="4" ind2=" " tag="510">
      <subfield code="a">Brockelmann, C. GAL,</subfield>
      <subfield code="c">I, 292 (XVI/Nachahmungen. a)</subfield>
   </datafield>
   <datafield ind1="4" ind2=" " tag="510">
      <subfield code="a">Brockelmann, C. GAL,</subfield>
      <subfield code="c">SI, 512 (XVII/Nachahmungen. a)</subfield>
   </datafield>
   <datafield ind1=" " ind2=" " tag="541">
      <subfield code="c">Gift ;</subfield>
      <subfield code="a">Robert Garrett, Class of 1897 ;</subfield>
      <subfield code="d">1942.</subfield>
   </datafield>
   <datafield ind1="1" ind2="0" tag="600">
      <subfield code="a">Zamakhsharī, Maḥmūd ibn ʻUmar,</subfield>
      <subfield code="d">1075-1144.</subfield>
      <subfield code="t">Aṭwāq al-dhahab.</subfield>
   </datafield>
   <datafield ind1=" " ind2="7" tag="655">
      <subfield code="a">Manuscripts, Arabic</subfield>
      <subfield code="y">14th century.</subfield>
      <subfield code="2">lcsh</subfield>
   </datafield>
   <datafield ind1="1" ind2="2" tag="700">
      <subfield code="a">ʻĀmilī, Bahāʼ al-Dīn Muḥammad ibn Ḥusayn,</subfield>
      <subfield code="d">1547-1621.</subfield>
   </datafield>
   <datafield ind1="1" ind2="2" tag="700">
      <subfield code="a">Tabrīzī, Muḥammad ibn Muḥibb ʻAlī,</subfield>
      <subfield code="d">17th cent.</subfield>
   </datafield>
   <datafield ind1="1" ind2="2" tag="700">
      <subfield code="a">Hamadhānī, Muḥammad ibn ʻAbd al-Wahhāb,</subfield>
      <subfield code="d">d. 1885 or 6.</subfield>
   </datafield>
   <datafield ind1=" " ind2="0" tag="650">
      <subfield code="a">Islamic sermons, Arabic</subfield>
      <subfield code="v">Early works to 1800.</subfield>
   </datafield>
   <datafield ind1=" " ind2="0" tag="650">
      <subfield code="a">Shīʻah</subfield>
      <subfield code="v">Sermons</subfield>
      <subfield code="v">Early works to 1800.</subfield>
   </datafield>
   <datafield ind1=" " ind2="0" tag="650">
      <subfield code="a">Islamic literature, Arabic</subfield>
      <subfield code="v">Early works to 1800.</subfield>
   </datafield>
   <datafield ind1=" " ind2="0" tag="650">
      <subfield code="a">Manuscripts, Arabic</subfield>
      <subfield code="z">New Jersey</subfield>
      <subfield code="z">Princeton.</subfield>
   </datafield>
   <datafield ind1="1" ind2=" " tag="880">
      <subfield code="6">100-01/r</subfield>
      <subfield code="a">اصفهاني، عبد المؤمن بن هبة الله</subfield>
   </datafield>
   <datafield ind1="1" ind2="0" tag="880">
      <subfield code="6">245-02/r</subfield>
      <subfield code="a">اطباق الذهب</subfield>
   </datafield>
   <datafield ind1=" " ind2=" " tag="880">
      <subfield code="6">500-00/r</subfield>
      <subfield code="a">Incipit: الهمّ انّا نحمدك على ما اسبلت من جلابيب كرمك ... [4أ] ... وبعد فقد اشار اليّ ولي من اولياء الله مدة قلادة الرقاب</subfield>
   </datafield>
   <datafield ind1=" " ind2=" " tag="880">
      <subfield code="6">500-00/r</subfield>
      <subfield code="a">Explicit: \\والاخرى امة مريدة فاجعل للحدّة [...] لها قسمين وللامة قسماً فانّ لها فى كتاب</subfield>
   </datafield>
   <datafield ind1="4" ind2="1" tag="856">
      <subfield code="u">http://arks.princeton.edu/ark:/88435/8k71nh14f</subfield>
   </datafield>
</record>