<record xmlns="http://www.loc.gov/MARC21/slim" xmlns:xsi="http://www.w3.org/2001/XMLSchema-instance">
   <leader>04415ctm a2200493Ia 4500</leader>
   <controlfield tag="001">4788670</controlfield>
   <controlfield tag="005">20120531125301.0</controlfield>
   <controlfield tag="008">060627s1678    xx            000 0 ara d</controlfield>
   <datafield ind1=" " ind2=" " tag="035">
      <subfield code="a">(OCoLC)ocm70188891</subfield>
   </datafield>
   <datafield ind1=" " ind2=" " tag="040">
      <subfield code="a">PUL</subfield>
      <subfield code="c">PUL</subfield>
      <subfield code="e">amremm</subfield>
   </datafield>
   <datafield ind1=" " ind2=" " tag="043">
      <subfield code="a">n-us-nj</subfield>
   </datafield>
   <datafield ind1=" " ind2=" " tag="049">
      <subfield code="a">PULL</subfield>
   </datafield>
   <datafield ind1="1" ind2=" " tag="100">
      <subfield code="6">880-01</subfield>
      <subfield code="a">Ḥurr al-ʻĀmilī, Muḥammad ibn al-Ḥasan,</subfield>
      <subfield code="d">1624-1693.</subfield>
   </datafield>
   <datafield ind1="1" ind2="0" tag="240">
      <subfield code="6">880-02</subfield>
      <subfield code="a">Man lā yaḥḍuruhu al-imām</subfield>
   </datafield>
   <datafield ind1="1" ind2="0" tag="245">
      <subfield code="6">880-03</subfield>
      <subfield code="a">Fihrist Kitāb Tafṣīl wasāʼil al-Shīʻah ilá taḥṣīl masāʼil al-sharīʻah.</subfield>
   </datafield>
   <datafield ind1="1" ind2=" " tag="246">
      <subfield code="6">880-04</subfield>
      <subfield code="i">Title at the beginning of the text (fol. 4a, l. 15), in Mach's catalog and in Dharīʻah:</subfield>
      <subfield code="a">Kitāb man lā yaḥḍuruhu al-imām.</subfield>
   </datafield>
   <datafield ind1="1" ind2=" " tag="246">
      <subfield code="6">880-05</subfield>
      <subfield code="i">Title in a note on fol. 1a and in Brockelmann, C. GAL:</subfield>
      <subfield code="a">Fihrist al-Wasāʼil</subfield>
   </datafield>
   <datafield ind1=" " ind2=" " tag="260">
      <subfield code="c">[1678]</subfield>
   </datafield>
   <datafield ind1=" " ind2=" " tag="300">
      <subfield code="a">305 leaves :</subfield>
      <subfield code="b">paper ;</subfield>
      <subfield code="c">187 x 120 (130 x 80) mm. bound to 188 x 127 mm.</subfield>
   </datafield>
   <datafield ind1=" " ind2=" " tag="500">
      <subfield code="a">Ms. codex.</subfield>
   </datafield>
   <datafield ind1=" " ind2=" " tag="500">
      <subfield code="a">Title from end of text (fol. 300b).</subfield>
   </datafield>
   <datafield ind1="8" ind2=" " tag="520">
      <subfield code="a">Index to, and abridgment of the Tafṣīl wasāʼil al-Shīʻah by the author, completed in Dhū al-Ḥijjah 1088 H. (Dharīʻah and colophon).</subfield>
   </datafield>
   <datafield ind1=" " ind2=" " tag="500">
      <subfield code="a">23 lines per page. Written in clear medium small naskh in black ink with use of red. Glazed light cream paper with vertical laid lines visible. Frame-ruled. Note on the topic in the outer upper corner (stops after fol. 116). On fol. 1a-3a: Several inscriptions ; ownership statements (12th cent. H., some signed by descendants of al-Shahīd al-Awwal, Muḥammad ibn Makkī) ; seals ; kabīkaj. One of these ownership statements repeated on fol. 3a and 300b (dated Iṣfahān, 1167 H). On fol. 301b: Inscription. Catchword on the verso of each leaf. Foliation in pencil using Western numerals (counting the first fly leaf as fol. 1). On a label pasted on the interior of the upper cover, mention "A250b" in Latin script.</subfield>
   </datafield>
   <datafield ind1=" " ind2=" " tag="500">
      <subfield code="a">Autograph dated the night of Friday 27(?) Dhū al-Ḥijjah 1088 H. (colophon, fol. 300b).</subfield>
   </datafield>
   <datafield ind1=" " ind2=" " tag="561">
      <subfield code="a">Acquired by Robert Garrett from Abraham Shalom Yahuda, 1942.</subfield>
   </datafield>
   <datafield ind1=" " ind2=" " tag="563">
      <subfield code="a">Limp binding. Red leather with a blind-tooled frame made of fillets and a running pattern.</subfield>
   </datafield>
   <datafield ind1="4" ind2=" " tag="510">
      <subfield code="a">Mach, R. Yahuda,</subfield>
      <subfield code="c">1574</subfield>
   </datafield>
   <datafield ind1="4" ind2=" " tag="510">
      <subfield code="a">Āghā Buzurg al-Ṭihrānī. Dharīʻah,</subfield>
      <subfield code="c">vol. 22, no. 6833</subfield>
   </datafield>
   <datafield ind1="4" ind2=" " tag="510">
      <subfield code="a">Brockelmann, C. GAL,</subfield>
      <subfield code="c">SII, 578 (3/4)</subfield>
   </datafield>
   <datafield ind1=" " ind2=" " tag="541">
      <subfield code="c">Gift ; Robert Garrett, Class of 1897 ; 1942.</subfield>
   </datafield>
   <datafield ind1=" " ind2="0" tag="650">
      <subfield code="a">Islamic law</subfield>
      <subfield code="v">Early works to 1800.</subfield>
   </datafield>
   <datafield ind1=" " ind2="0" tag="650">
      <subfield code="a">Shīʻah</subfield>
      <subfield code="v">Early works to 1800.</subfield>
   </datafield>
   <datafield ind1=" " ind2="0" tag="650">
      <subfield code="a">Hadith (Shiites)</subfield>
      <subfield code="v">Texts</subfield>
      <subfield code="v">Early works to 1800.</subfield>
   </datafield>
   <datafield ind1=" " ind2="0" tag="650">
      <subfield code="a">Manuscripts, Arabic</subfield>
      <subfield code="z">New Jersey</subfield>
      <subfield code="z">Princeton.</subfield>
   </datafield>
   <datafield ind1=" " ind2="7" tag="655">
      <subfield code="a">Manuscripts, Arabic</subfield>
      <subfield code="y">17th century.</subfield>
      <subfield code="2">lcsh</subfield>
   </datafield>
   <datafield ind1="1" ind2=" " tag="880">
      <subfield code="6">100-01/r</subfield>
      <subfield code="a">حر العاملي، محمد بن الحسن</subfield>
   </datafield>
   <datafield ind1="1" ind2="0" tag="880">
      <subfield code="6">240-02/r</subfield>
      <subfield code="a">من لا يحضره الامام</subfield>
   </datafield>
   <datafield ind1="1" ind2="0" tag="880">
      <subfield code="6">245-03/r</subfield>
      <subfield code="a">فهرست كتاب تفصيل وسائل الشيعة الى تحصيل مسائل الشريعة</subfield>
   </datafield>
   <datafield ind1="1" ind2=" " tag="880">
      <subfield code="6">246-04/r</subfield>
      <subfield code="a">كتاب من لا يحضره الامام.</subfield>
   </datafield>
   <datafield ind1="1" ind2=" " tag="880">
      <subfield code="6">246-05/r</subfield>
      <subfield code="a">فهرست الوسائل</subfield>
   </datafield>
   <datafield ind1=" " ind2=" " tag="880">
      <subfield code="6">500-00/r</subfield>
      <subfield code="a">Incipit: الحمد لله الذى سهّل لنا تحصيل علوم الدّين ويسّر لنا معرفة احكام الشرع المبين ... اما بعد فقيول الفقير ... وفقنى الله سبحانه لتاليف كتاب تفصيل وسائل الشيعة الى تحصيل مسائل الشريعة فجا كتابا</subfield>
   </datafield>
   <datafield ind1=" " ind2=" " tag="880">
      <subfield code="6">500-00/r</subfield>
      <subfield code="a">Explicit: قد ذكرنا هنا الرجال الثقات الممدوحين على تؤتيب الحروف وهم الف وخمسمائة وزيادة ولكن فى لبكنى والالقاب تكرار تم فهرست كتاب تفصيل ... وقد تضمن بحمد الله سبحانه اكثر مضمون الاحاديث المنضمنة للاحكام الشرعية وجمع جميع المهم من الاواخر والنواهى المتعلقة بافعال المكلفين من الرعية مع حين الترتيب ومزيد التجريد والتهديب ولكن بقى فى احاديته جملة من الاحكام فانها كنوز علوم لا اقدر على استخراج كل ما فيها بالتمام وفيما اوردته كفاية لمن اراد العمل باحكامهم عليهم السلام والحمد لله</subfield>
   </datafield>
   <datafield ind1="4" ind2="1" tag="856">
      <subfield code="u">http://arks.princeton.edu/ark:/88435/4t64gn23v</subfield>
   </datafield>
</record>