<record xmlns="http://www.loc.gov/MARC21/slim" xmlns:xsi="http://www.w3.org/2001/XMLSchema-instance">
   <leader>05205ctm a2200493Ia 4500</leader>
   <controlfield tag="001">5528316</controlfield>
   <controlfield tag="005">20120531130319.0</controlfield>
   <controlfield tag="008">080723q17uu18uuxx            000 0 per d</controlfield>
   <datafield ind1=" " ind2=" " tag="035">
      <subfield code="a">(OCoLC)ocn235596549</subfield>
   </datafield>
   <datafield ind1=" " ind2=" " tag="040">
      <subfield code="a">PUL</subfield>
      <subfield code="c">PUL</subfield>
      <subfield code="e">amremm</subfield>
   </datafield>
   <datafield ind1=" " ind2=" " tag="066">
      <subfield code="c">(3</subfield>
      <subfield code="c">(4</subfield>
   </datafield>
   <datafield ind1=" " ind2=" " tag="035">
      <subfield code="a">(OCoLC)235596549</subfield>
   </datafield>
   <datafield ind1=" " ind2=" " tag="043">
      <subfield code="a">n-us-nj</subfield>
   </datafield>
   <datafield ind1=" " ind2=" " tag="049">
      <subfield code="a">PULL</subfield>
   </datafield>
   <datafield ind1="0" ind2=" " tag="130">
      <subfield code="a">Murāsalāt</subfield>
   </datafield>
   <datafield ind1="0" ind2="0" tag="245">
      <subfield code="6">880-02</subfield>
      <subfield code="a">Murāsalāt.</subfield>
   </datafield>
   <datafield ind1=" " ind2=" " tag="260">
      <subfield code="c">[between 17--? and 18--?]</subfield>
   </datafield>
   <datafield ind1=" " ind2=" " tag="300">
      <subfield code="a">i, 418 leaves :</subfield>
      <subfield code="b">paper ;</subfield>
      <subfield code="c">235 x 130 (155 x 80) mm. bound to 235 x 140 mm.</subfield>
   </datafield>
   <datafield ind1=" " ind2=" " tag="500">
      <subfield code="a">Ms. codex.</subfield>
   </datafield>
   <datafield ind1=" " ind2=" " tag="500">
      <subfield code="a">Title from tail of text block.</subfield>
   </datafield>
   <datafield ind1="8" ind2=" " tag="520">
      <subfield code="a">Anthology of letters and short texts, concerning historical events and important figures related to Iran, and Khurasān in particular. The text starts with short notes mentioning events in the history of Iran from 992 to 1006 H. (fol. 1a-b), followed by copies of letters, and other short texts attributed to several important figures. The text also contains what appears to be letter models or samples, some attributed to Mīr Rūḥ Allāh (fol. 30a), and a Fatḥnāmah-i Khurāsān (fol. 5b). On fol. 402b, beginning of a text by ʻAbd al-Razzāq ibn Isḥāq al-Samarqandī (d. 887/1482; the author's name appears on fol. 403a), incomplete at end. On fol. 413a-418b are several short texts written by another hand, including two Fatḥnāmah and a letter.</subfield>
   </datafield>
   <datafield ind1=" " ind2=" " tag="500">
      <subfield code="a">Physical description: 23 lines per page. Written in medium small nastaʻlīq in black ink with use of red. Dark cream laid paper; glossy.</subfield>
   </datafield>
   <datafield ind1=" " ind2=" " tag="500">
      <subfield code="a">Origin: The copy is not dated.</subfield>
   </datafield>
   <datafield ind1=" " ind2=" " tag="561">
      <subfield code="a">Ownership statement in the name of Muḥammad Taqī ibn al-marḥūm ʻUmar Āghā, Baghdad, '33 H., with two impressions of a seal on fol. 2a. Acquired from Abraham Shalom Yahuda, 1942.</subfield>
   </datafield>
   <datafield ind1=" " ind2=" " tag="563">
      <subfield code="a">Bound in dark red leather, with flap. The covers and flap have an outer frame consisting of a guilloche outlined by fillets in gold (faded on the covers). Brown leather doublure with a frame consisting of a single fillet.</subfield>
   </datafield>
   <datafield ind1=" " ind2=" " tag="541">
      <subfield code="c">Gift ;</subfield>
      <subfield code="a">Robert Garrett, Class of 1897 ;</subfield>
      <subfield code="d">1942.</subfield>
   </datafield>
   <datafield ind1=" " ind2="0" tag="650">
      <subfield code="a">Manuscripts, Persian</subfield>
      <subfield code="z">New Jersey</subfield>
      <subfield code="z">Princeton.</subfield>
   </datafield>
   <datafield ind1=" " ind2="7" tag="655">
      <subfield code="a">Manuscripts, Persian</subfield>
      <subfield code="y">18th century.</subfield>
      <subfield code="2">lcsh</subfield>
   </datafield>
   <datafield ind1="0" ind2="2" tag="700">
      <subfield code="6">880-03</subfield>
      <subfield code="a">ʻAbd al-Razzāq Kamāl al-Dīn ibn Isḥāq al-Samarqandī,</subfield>
      <subfield code="d">1413-1482.</subfield>
   </datafield>
   <datafield ind1="1" ind2="2" tag="700">
      <subfield code="6">880-04</subfield>
      <subfield code="a">Muḥtasham, ʻAlī ibn Aḥmad,</subfield>
      <subfield code="d">1499 or 500-1587 or 8.</subfield>
   </datafield>
   <datafield ind1="1" ind2="2" tag="700">
      <subfield code="6">880-05</subfield>
      <subfield code="a">Kāzarūnī, Abū al-Qāsim ibn Abī Ḥāmid,</subfield>
      <subfield code="d">16th cent.</subfield>
   </datafield>
   <datafield ind1="0" ind2="2" tag="730">
      <subfield code="6">880-06</subfield>
      <subfield code="a">Fatḥnāmah.</subfield>
   </datafield>
   <datafield ind1="0" ind2="2" tag="730">
      <subfield code="6">880-07</subfield>
      <subfield code="a">Fatḥnāmah-i Khurāsān.</subfield>
   </datafield>
   <datafield ind1="0" ind2="0" tag="880">
      <subfield code="6">245-02/(3/r</subfield>
      <subfield code="a">مراسلات</subfield>
   </datafield>
   <datafield ind1=" " ind2=" " tag="880">
      <subfield code="6">500-00/(3/r</subfield>
      <subfield code="a">Incipit (fol. 1a): 992 در ين سال نواب سلطان حمزه ميرزا در قزوين قشلاق فرمودند ... [2أ] صورة رقعة بخط مرحوم ميرزاكانى كه به ولد شهريارى كاشى نوشته دو كلمه كه حضرت</subfield>
   </datafield>
   <datafield ind1=" " ind2=" " tag="880">
      <subfield code="6">500-00/(3/r</subfield>
      <subfield code="a">Incipit (fol. 402b): بسم ... فتح صحايف انشا وابداع وشرح لطايف املا واختراع حمد وثناى بنشى بر كمال كه بر قلم زرين مثال ... [403أ] ... وبعد چنين كويد فقير حقير طالب مكارم اخلاق عبد الرزاق بن اسحق السمرقندى باب الله عليهما كه چون حكمت كامله الهى ورحمت شامله نا متناهى اقتضا فرمود</subfield>
   </datafield>
   <datafield ind1="2" ind2=" " tag="880">
      <subfield code="6">505-00/(3/r</subfield>
      <subfield code="a">صورة رقعة بخط مرحوم ميرزاكانى كه به ولد شهريارى كاشى نوشته (2أ) -- كتابت كه از جانب بندكان در كاه اعلى بجانب خواند كار در جواب او نوشته اند -- از زبان شاه قلى سلطان بدين محمد خان او ز يك نوشته (3ب) -- فتحنامه خراسان (5ب) -- مكتوبى كه نواب قاضى جهان بنواب خانى در باب نواب علامى نوشته (14أ) -- از جانب نواب كامياب بنواب عاليجاه خواندكار (18ب) -- ... انشاء جناب مير روح الله (30أ) -- ... -- تعريف پادشاه (49أ) -- تعريف ... از مولانا محتشم (50أ) -- تعريف از كمال اسمعيل -- انشاء جناب مير روح الله (50ب) -- كتابت كه حضرت شيخ ابو القاسم كازرونى بمولانا سلينى كه در هندست نوشته اند (59ب) -- انشاء نواب علامى امير سيد شريف (61أ) -- ... -- مولانا عبد الواسع بخواجه كمال الدين حسين نوشته (400أ) -- مولانا عبد الواسع بخواجه مجد الدين محمد نوشته (401أ) -- مولانا عبد الواسع بيكى از وزرا نوشته (401ب)</subfield>
   </datafield>
   <datafield ind1="0" ind2="2" tag="880">
      <subfield code="6">700-03/(3/r</subfield>
      <subfield code="a">عبد الرزاق كمال الدين بن اسحاق السمرقندي</subfield>
   </datafield>
   <datafield ind1="1" ind2="2" tag="880">
      <subfield code="6">700-04/(3/r</subfield>
      <subfield code="a">محتشم، علي بن احمد</subfield>
   </datafield>
   <datafield ind1="1" ind2="2" tag="880">
      <subfield code="6">700-05/(3/r</subfield>
      <subfield code="a">كازروني، ابو القاسم بن ابي حامد</subfield>
   </datafield>
   <datafield ind1="0" ind2="2" tag="880">
      <subfield code="6">730-06/(3/r</subfield>
      <subfield code="a">فتحنامه</subfield>
   </datafield>
   <datafield ind1="0" ind2="2" tag="880">
      <subfield code="6">730-07/(3/r</subfield>
      <subfield code="a">فتحنامه خراسان</subfield>
   </datafield>
   <datafield ind1="4" ind2="1" tag="856">
      <subfield code="u">http://arks.princeton.edu/ark:/88435/12579s311</subfield>
   </datafield>
</record>