<record xmlns="http://www.loc.gov/MARC21/slim" xmlns:xsi="http://www.w3.org/2001/XMLSchema-instance">
   <leader>03002ctm a2200421Ia 4500</leader>
   <controlfield tag="001">4730625</controlfield>
   <controlfield tag="005">20111205123543.0</controlfield>
   <controlfield tag="008">060518q15721684xx            000 0 per d</controlfield>
   <datafield ind1=" " ind2=" " tag="035">
      <subfield code="a">(OCoLC)ocm68965526</subfield>
   </datafield>
   <datafield ind1=" " ind2=" " tag="040">
      <subfield code="a">PUL</subfield>
      <subfield code="c">PUL</subfield>
      <subfield code="e">amremm</subfield>
   </datafield>
   <datafield ind1=" " ind2=" " tag="043">
      <subfield code="a">n-us-nj</subfield>
   </datafield>
   <datafield ind1=" " ind2=" " tag="049">
      <subfield code="a">PULL</subfield>
   </datafield>
   <datafield ind1="0" ind2=" " tag="100">
      <subfield code="6">880-01</subfield>
      <subfield code="a">Kamāl Khujandī,</subfield>
      <subfield code="d">d. ca. 1400.</subfield>
   </datafield>
   <datafield ind1="1" ind2="0" tag="240">
      <subfield code="a">Poems</subfield>
   </datafield>
   <datafield ind1="1" ind2="0" tag="245">
      <subfield code="6">880-02</subfield>
      <subfield code="a">Dīvān-i Mawlānā Kamāl.</subfield>
   </datafield>
   <datafield ind1="1" ind2=" " tag="246">
      <subfield code="6">880-03</subfield>
      <subfield code="i">Title on tail of text block:</subfield>
      <subfield code="a">Dīvān-i Kamāl-i Khān</subfield>
   </datafield>
   <datafield ind1=" " ind2=" " tag="260">
      <subfield code="c">[1572 or 1686]</subfield>
   </datafield>
   <datafield ind1=" " ind2=" " tag="300">
      <subfield code="a">254 leaves :</subfield>
      <subfield code="b">paper ;</subfield>
      <subfield code="c">190 x 120 (127 x 71) mm. bound to 192 x 130 mm.</subfield>
   </datafield>
   <datafield ind1=" " ind2=" " tag="500">
      <subfield code="a">Ms. codex.</subfield>
   </datafield>
   <datafield ind1=" " ind2=" " tag="500">
      <subfield code="a">Title from the illuminated opening (fol. 1b).</subfield>
   </datafield>
   <datafield ind1="8" ind2=" " tag="520">
      <subfield code="a">Collection of poems in Persian.</subfield>
   </datafield>
   <datafield ind1=" " ind2=" " tag="500">
      <subfield code="a">12 lines per page, in two columns with central headpieces, written in nastaʻlīq using black ink. Gold, black and blue fillets form the outer frame; a single red fillet divides the columns. Thin dark cream paper with laid lines visible. On fol. 1b: illuminated headpiece. On fol. i(a): label with mention in Arabic "raqm 309" ; inscription in Arabic script "Sayyid ʻAlī Kitāb al-miʻrāj".</subfield>
   </datafield>
   <datafield ind1=" " ind2=" " tag="500">
      <subfield code="a">Copied in Muḥarram 980 or 1098 by Yādkār(?) ibn Muḥammad ibn Niẓām (colophon, fol. 254a).</subfield>
   </datafield>
   <datafield ind1=" " ind2=" " tag="500">
      <subfield code="a">Collation: Paper ; fol. i (endpaper, with inscription and labels) + 254 + i (endpaper).</subfield>
   </datafield>
   <datafield ind1=" " ind2=" " tag="561">
      <subfield code="a">Acquired from Abraham Shalom Yahuda, 1942.</subfield>
   </datafield>
   <datafield ind1=" " ind2=" " tag="563">
      <subfield code="a">Upper and lower covers, fore-edge flap and envelope flap made of red leather over paper pasteboard. The upper and lower covers are similarly tooled and gold painted, with a central mandorla linked to the outer frame by an horizontal and a vertical fillet, and gold painted corner pieces. The envelope flap has a similar decoration. The doublure of the upper and lower covers has a tooled and painted decoration with a central mandorla and corner pieces in orange, green and gold. The doublure of the envelope flap has a similar decoration.</subfield>
   </datafield>
   <datafield ind1=" " ind2=" " tag="541">
      <subfield code="c">Gift ;</subfield>
      <subfield code="a">Robert Garrett, Class of 1897 ;</subfield>
      <subfield code="d">1942.</subfield>
   </datafield>
   <datafield ind1=" " ind2="0" tag="650">
      <subfield code="a">Manuscripts, Persian</subfield>
      <subfield code="z">New Jersey</subfield>
      <subfield code="z">Princeton.</subfield>
   </datafield>
   <datafield ind1=" " ind2="7" tag="655">
      <subfield code="a">Headpieces (layout features)</subfield>
      <subfield code="z">Islamic Empire</subfield>
      <subfield code="y">16th century.</subfield>
      <subfield code="2">aat</subfield>
   </datafield>
   <datafield ind1=" " ind2="7" tag="655">
      <subfield code="a">Illuminated manuscripts</subfield>
      <subfield code="z">Islamic Empire</subfield>
      <subfield code="y">16th century.</subfield>
      <subfield code="2">aat</subfield>
   </datafield>
   <datafield ind1=" " ind2="7" tag="655">
      <subfield code="a">Manuscripts, Persian</subfield>
      <subfield code="y">16th century.</subfield>
      <subfield code="2">lcsh</subfield>
   </datafield>
   <datafield ind1="0" ind2=" " tag="880">
      <subfield code="6">100-01//r</subfield>
      <subfield code="a">كمال خجندي</subfield>
   </datafield>
   <datafield ind1="1" ind2="0" tag="880">
      <subfield code="6">245-02//r</subfield>
      <subfield code="a">ديوان مولانا كمال</subfield>
   </datafield>
   <datafield ind1="1" ind2=" " tag="880">
      <subfield code="6">246-03//r</subfield>
      <subfield code="a">ديوان كمال خان</subfield>
   </datafield>
   <datafield ind1=" " ind2=" " tag="880">
      <subfield code="6">500-00//r</subfield>
      <subfield code="a">Incipit: از پدهنت بوىى آمد بگلستانها کردند پر از نكهت گلها همه دامانها با رشته همه چاکى شد دوخته وين طرفه كز رشته زلف تست اين چاک گريبانها</subfield>
   </datafield>
   <datafield ind1=" " ind2=" " tag="880">
      <subfield code="6">500-00//r</subfield>
      <subfield code="a">Explicit: خال در ملک جمالش نه مکست از سر زلف كاندرين ملک چو طاوس نگارست مکس</subfield>
   </datafield>
   <datafield ind1="4" ind2="1" tag="856">
      <subfield code="u">http://arks.princeton.edu/ark:/88435/w9505051f</subfield>
   </datafield>
</record>