<record xmlns="http://www.loc.gov/MARC21/slim" xmlns:xsi="http://www.w3.org/2001/XMLSchema-instance">
   <leader>02941ctm a2200349Ia 4500</leader>
   <controlfield tag="001">5574170</controlfield>
   <controlfield tag="005">20120821112412.0</controlfield>
   <controlfield tag="008">080918q07uu08uuxx            000 0 ara d</controlfield>
   <datafield ind1=" " ind2=" " tag="035">
      <subfield code="a">(OCoLC)ocn252916232</subfield>
   </datafield>
   <datafield ind1=" " ind2=" " tag="040">
      <subfield code="a">PUL</subfield>
      <subfield code="c">PUL</subfield>
      <subfield code="e">amremm</subfield>
   </datafield>
   <datafield ind1=" " ind2=" " tag="035">
      <subfield code="a">(OCoLC)252916232</subfield>
   </datafield>
   <datafield ind1=" " ind2=" " tag="043">
      <subfield code="a">n-us-nj</subfield>
   </datafield>
   <datafield ind1=" " ind2=" " tag="049">
      <subfield code="a">PULL</subfield>
   </datafield>
   <datafield ind1="0" ind2=" " tag="130">
      <subfield code="a">Koran.</subfield>
      <subfield code="k">Selections.</subfield>
   </datafield>
   <datafield ind1="1" ind2="4" tag="245">
      <subfield code="a">[al-Qurʾān. Sūrah 21:15-36 ; 23:76-80 ; 36:20-23 ; 69:35-37 and 38-41 ; 5:31-78].</subfield>
   </datafield>
   <datafield ind1=" " ind2=" " tag="260">
      <subfield code="c">[between 7--? and 8--?]</subfield>
   </datafield>
   <datafield ind1=" " ind2=" " tag="300">
      <subfield code="a">8 leaves :</subfield>
      <subfield code="b">parchment.</subfield>
   </datafield>
   <datafield ind1=" " ind2=" " tag="500">
      <subfield code="a">Ms. leaves.</subfield>
   </datafield>
   <datafield ind1="8" ind2=" " tag="520">
      <subfield code="a">Collection of Qurʾanic fragments on parchment, probably dating to the 8th or 9th cent.</subfield>
   </datafield>
   <datafield ind1="0" ind2=" " tag="505">
      <subfield code="a">1. 14G(a): Sūrah 21:15(end)-36(beginning) (recto: 15-26 ; verso: 26-36). -- 1 leaf : parchment ; 320 x 245 (275 x 210) mm. Defective leaf with loss of text at edges. 17 lines to the page ; recto is hair; Hijāzī I script (alif 200 mm.) ; occasional diacritical strokes. 8th cent.?</subfield>
   </datafield>
   <datafield ind1="8" ind2=" " tag="505">
      <subfield code="a">2. 14G(b): Sūrah 23:76(end)-80(beginning) (recto: 76-77 ; verso: 78-80). -- 1 leaf : parchment ; 82 x 220 (60 x 165) mm. Upper portion of a larger page. 5 lines ; recto is flesh ; early Abbasid script, close to style D.II. A few red dots ; rosette in gold with blue and gold dots. 9th cent.?</subfield>
   </datafield>
   <datafield ind1="8" ind2=" " tag="505">
      <subfield code="a">3. 14G(c): Sūrah 36:20(end)-23(beginning) (recto: 20-21 ; verso: 21-23). -- 1 leaf : parchment ; 155 x 255 (85 x 165) mm. 5 lines to the page ; recto is flesh ; early Abbasid script. Red dots, green dots and strokes ; one device consisting of three large gold dots arranged in triangle with stem ; one medallion in gold, green, and red on the margin of the verso, with inscription in gold: "ʻishrūn" (280 mm.). Stained. Similar to The Abbasid Tradition (1992), no. 25. 9th cent.?</subfield>
   </datafield>
   <datafield ind1="8" ind2=" " tag="505">
      <subfield code="a">4. 14G(d): Sūrah 69:35(last word)-37 and 38(last letter)-41(beginning). --1 leaf : parchment ; 160 x 285 (80 x 210) mm. Lower portion of a larger page. 4 lines ; recto is hair ; early Abbasid script. Red dots ; mark for end of each verse; mark for five verses on the margin, consisting of inscription in gold inscribed in a circle in gold, with black and red dots. Support eaten by ink. 9th cent.?</subfield>
   </datafield>
   <datafield ind1="8" ind2=" " tag="505">
      <subfield code="a">5. 14G(e): Sūrah 5:31(end)-78(beginning). -- 4 leaves : parchment ; 125 x 180 (90 x 140) mm. Dense writing surface with 16 lines to the page ; early Abbasid script (yāʾ 6 mm.). The flesh/hair sequence is as follows: FHFHHFHF. Red dots. Stained. 9th cent.?</subfield>
   </datafield>
   <datafield ind1="4" ind2=" " tag="510">
      <subfield code="a">Hitti, P. Garrett coll.,</subfield>
      <subfield code="c">1139, 1140, 1141, 1142, 1143</subfield>
   </datafield>
   <datafield ind1=" " ind2=" " tag="541">
      <subfield code="c">Gift ;</subfield>
      <subfield code="a">Robert Garrett, Class of 1897 ;</subfield>
      <subfield code="d">1942.</subfield>
   </datafield>
   <datafield ind1=" " ind2="0" tag="650">
      <subfield code="a">Manuscripts, Arabic</subfield>
      <subfield code="z">New Jersey</subfield>
      <subfield code="z">Princeton.</subfield>
   </datafield>
   <datafield ind1=" " ind2="7" tag="655">
      <subfield code="a">Manuscripts, Arabic</subfield>
      <subfield code="y">8th century.</subfield>
      <subfield code="2">lcsh</subfield>
   </datafield>
   <datafield ind1=" " ind2="7" tag="655">
      <subfield code="a">Parchment.</subfield>
      <subfield code="2">aat</subfield>
   </datafield>
   <datafield ind1="4" ind2="1" tag="856">
      <subfield code="u">http://arks.princeton.edu/ark:/88435/rj430459r</subfield>
   </datafield>
   <datafield ind1="1" ind2="3" tag="880">
      <subfield code="6">245-01/(3/r</subfield>
      <subfield code="a">[القرآن. سورة 21:15-36 ؛ 23:76-80 ؛ 36:20-23 ؛ 69:35-37 و 38-41 ؛ 5:31-78].</subfield>
   </datafield>
</record>