<record xmlns="http://www.loc.gov/MARC21/slim" xmlns:xsi="http://www.w3.org/2001/XMLSchema-instance">
   <leader>03738ctm a2200481Ia 4500</leader>
   <controlfield tag="001">5141848</controlfield>
   <controlfield tag="005">20110923114356.0</controlfield>
   <controlfield tag="008">070312s1484    xx            000 0 ara d</controlfield>
   <datafield ind1=" " ind2=" " tag="035">
      <subfield code="a">(OCoLC)ocm85835673</subfield>
   </datafield>
   <datafield ind1=" " ind2=" " tag="040">
      <subfield code="a">PUL</subfield>
      <subfield code="c">PUL</subfield>
      <subfield code="e">amremm</subfield>
   </datafield>
   <datafield ind1=" " ind2=" " tag="035">
      <subfield code="a">(OCoLC)85835673</subfield>
   </datafield>
   <datafield ind1=" " ind2=" " tag="043">
      <subfield code="a">n-us-nj</subfield>
   </datafield>
   <datafield ind1=" " ind2=" " tag="049">
      <subfield code="a">PULL</subfield>
   </datafield>
   <datafield ind1="1" ind2=" " tag="100">
      <subfield code="6">880-01</subfield>
      <subfield code="a">Nawājī, Muḥammad ibn Ḥasan,</subfield>
      <subfield code="d">1386-1455.</subfield>
   </datafield>
   <datafield ind1="1" ind2="0" tag="240">
      <subfield code="6">880-02</subfield>
      <subfield code="a">Marātiʻ al-ghizlān fī waṣf al-ghilmān al-ḥisān</subfield>
   </datafield>
   <datafield ind1="1" ind2="0" tag="245">
      <subfield code="6">880-03</subfield>
      <subfield code="a">Kitāb Marātiʻ al-ghizlān fī waṣf al-ghilmān al-ḥisān /</subfield>
      <subfield code="c">taʼlīf adhyab zamānihi wa-farīd ʻaṣrihi wa-awānihi Muḥammad al-Nawājī raḥimahu Allāh raḥmatan wāsiʻatan.</subfield>
   </datafield>
   <datafield ind1="1" ind2=" " tag="246">
      <subfield code="6">880-04</subfield>
      <subfield code="i">Title in colophon:</subfield>
      <subfield code="a">Marātiʻ al-ghizlān fī waṣf al-ḥisān min al-ghilmān</subfield>
   </datafield>
   <datafield ind1=" " ind2=" " tag="260">
      <subfield code="c">[1484]</subfield>
   </datafield>
   <datafield ind1=" " ind2=" " tag="300">
      <subfield code="a">i, 188, i leaves:</subfield>
      <subfield code="b">paper ;</subfield>
      <subfield code="c">180 x 135 (117 x 90) mm.</subfield>
   </datafield>
   <datafield ind1=" " ind2=" " tag="500">
      <subfield code="a">Ms. codex.</subfield>
   </datafield>
   <datafield ind1=" " ind2=" " tag="500">
      <subfield code="a">Title from title page (fol. 1a).</subfield>
   </datafield>
   <datafield ind1="8" ind2=" " tag="520">
      <subfield code="a">A collection of poems describing handsome youths.</subfield>
   </datafield>
   <datafield ind1=" " ind2=" " tag="500">
      <subfield code="a">17 lines per page. Written in medium small naskh in black ink with use of red. Light cream paper with chain and laid lines visible (frame-ruled). On fol. 188a-b: Verses of poetry. Foliation in red ink using Arabic numerals. Several inscriptions, including ownership statements on fol. 1a. Mildewed.</subfield>
   </datafield>
   <datafield ind1=" " ind2=" " tag="500">
      <subfield code="a">Copy completed on Yawm al-thulathā 28 Jumādá al-Awwal 889 (colophon, fol. 187b).</subfield>
   </datafield>
   <datafield ind1=" " ind2=" " tag="561">
      <subfield code="a">Several ownership statements on fol. 1a, one signed Āl Biṭrīq al-Ḥusaynī Sibṭ ---?. Ownership statement signed Ibrāhīm Ḥasūn (?) dated 1138 H. on the margin of fol. 1b. Acquired by Robert Garrett from Brill, Leyden, 1904.</subfield>
   </datafield>
   <datafield ind1=" " ind2=" " tag="563">
      <subfield code="a">Dark brown leather over paper pasteboards for upper and lower cover, fore-edge flap and envelope-flap. Both covers have an elaborate blind-tooled panel, with a central mandorla with two pendants on the vertical axis. Vertical fillets link the central mandorla to an outer frame made of fillets, with a s-shape running pattern and a small floral stamp in the corners. Paper pastedowns.</subfield>
   </datafield>
   <datafield ind1="4" ind2=" " tag="510">
      <subfield code="a">Hitti, P. Garrett coll.,</subfield>
      <subfield code="c">101</subfield>
   </datafield>
   <datafield ind1=" " ind2=" " tag="541">
      <subfield code="c">Gift ;</subfield>
      <subfield code="a">Robert Garrett, Class of 1897 ;</subfield>
      <subfield code="d">1942.</subfield>
   </datafield>
   <datafield ind1=" " ind2="0" tag="650">
      <subfield code="a">Love poetry, Arabic</subfield>
      <subfield code="y">14th century.</subfield>
   </datafield>
   <datafield ind1=" " ind2="0" tag="650">
      <subfield code="a">Love poetry, Arabic</subfield>
      <subfield code="y">15th century.</subfield>
   </datafield>
   <datafield ind1=" " ind2="0" tag="650">
      <subfield code="a">Homoeroticism</subfield>
      <subfield code="z">Islamic empire</subfield>
      <subfield code="v">Early works to 1800.</subfield>
   </datafield>
   <datafield ind1=" " ind2="0" tag="650">
      <subfield code="a">Erotic literature, Arabic</subfield>
      <subfield code="y">14th century.</subfield>
   </datafield>
   <datafield ind1=" " ind2="0" tag="650">
      <subfield code="a">Erotic literature, Arabic</subfield>
      <subfield code="y">15th century.</subfield>
   </datafield>
   <datafield ind1=" " ind2="0" tag="650">
      <subfield code="a">Manuscripts, Arabic</subfield>
      <subfield code="z">New Jersey</subfield>
      <subfield code="z">Princeton.</subfield>
   </datafield>
   <datafield ind1=" " ind2="7" tag="655">
      <subfield code="a">Manuscripts, Arabic</subfield>
      <subfield code="y">15th century.</subfield>
      <subfield code="2">lcsh</subfield>
   </datafield>
   <datafield ind1="1" ind2=" " tag="880">
      <subfield code="6">100-01/r</subfield>
      <subfield code="a">نواجي، محمد بن حسن</subfield>
   </datafield>
   <datafield ind1="1" ind2="0" tag="880">
      <subfield code="6">240-02/r</subfield>
      <subfield code="a">مراتع الغزلان في وصف الغلمان الحسان</subfield>
   </datafield>
   <datafield ind1="1" ind2="0" tag="880">
      <subfield code="6">245-03/r</subfield>
      <subfield code="a">كتاب مراتع الغزلان في وصف الغلمان الحسان /</subfield>
      <subfield code="c">تأليف اذيب زمانه وفريد عصره واوانه محمد النواجي رحمه الله رحمتن واسعة</subfield>
   </datafield>
   <datafield ind1="1" ind2=" " tag="880">
      <subfield code="6">246-04/r</subfield>
      <subfield code="a">مراتع الغزلان في وصف الحسان من الغلمان</subfield>
   </datafield>
   <datafield ind1=" " ind2=" " tag="880">
      <subfield code="6">500-00/r</subfield>
      <subfield code="a">Incipit: قال العبد الفقير ... محمد بن حسن بن علي النواجى الشافعى ... اما بعد حمد الله الذي خلق الانسان فى احسن تقويم ... فقد سالني بعض الاخوان ان اجمع له نبذة فى الحسان من الغلمان</subfield>
   </datafield>
   <datafield ind1=" " ind2=" " tag="880">
      <subfield code="6">500-00/r</subfield>
      <subfield code="a">Explicit: لو لم تكن روضة للحسن او فلكا ما كان جمع فيك الغصن والقمر لكان هذا ابلغ فى المعنا وحسبنا الله ونعم الوكيل</subfield>
   </datafield>
   <datafield ind1="4" ind2="1" tag="856">
      <subfield code="u">http://arks.princeton.edu/ark:/88435/ms35t868t</subfield>
   </datafield>
</record>