<record xmlns="http://www.loc.gov/MARC21/slim" xmlns:xsi="http://www.w3.org/2001/XMLSchema-instance">
   <leader>02878ctm a2200457Ia 4500</leader>
   <controlfield tag="001">5148554</controlfield>
   <controlfield tag="005">20120531132220.0</controlfield>
   <controlfield tag="008">061120m152616uuxx            000 0 per d</controlfield>
   <datafield ind1=" " ind2=" " tag="040">
      <subfield code="a">PUL</subfield>
      <subfield code="c">PUL</subfield>
      <subfield code="e">amremm</subfield>
      <subfield code="d">PUL</subfield>
   </datafield>
   <datafield ind1=" " ind2=" " tag="066">
      <subfield code="c">(3</subfield>
   </datafield>
   <datafield ind1=" " ind2=" " tag="035">
      <subfield code="a">(OCoLC)76699568</subfield>
   </datafield>
   <datafield ind1=" " ind2=" " tag="043">
      <subfield code="a">n-us-nj</subfield>
   </datafield>
   <datafield ind1=" " ind2=" " tag="049">
      <subfield code="a">PULL</subfield>
   </datafield>
   <datafield ind1="0" ind2=" " tag="100">
      <subfield code="6">880-01</subfield>
      <subfield code="a">Şahidî İbrahim Dede,</subfield>
      <subfield code="d">1470-1550.</subfield>
   </datafield>
   <datafield ind1="1" ind2="0" tag="245">
      <subfield code="6">880-02</subfield>
      <subfield code="a">Dīvān-i Shāhidī.</subfield>
   </datafield>
   <datafield ind1=" " ind2=" " tag="260">
      <subfield code="c">[1526-16--?]</subfield>
   </datafield>
   <datafield ind1=" " ind2=" " tag="300">
      <subfield code="a">75 leaves :</subfield>
      <subfield code="b">paper ;</subfield>
      <subfield code="c">178 x 117 (100-125 x 56-70) mm. bound to 178 x 120 mm.</subfield>
   </datafield>
   <datafield ind1=" " ind2=" " tag="500">
      <subfield code="a">Ms. composite codex.</subfield>
   </datafield>
   <datafield ind1=" " ind2=" " tag="546">
      <subfield code="a">In Persian and Ottoman Turkish.</subfield>
   </datafield>
   <datafield ind1=" " ind2=" " tag="500">
      <subfield code="a">Title from fol. 1b.</subfield>
   </datafield>
   <datafield ind1="8" ind2=" " tag="520">
      <subfield code="a">Şahidî İbrahim's Persian divan, together with his Tuhfe-yi Şahidî, a Persian-Turkish dictionary in verse.</subfield>
   </datafield>
   <datafield ind1="0" ind2=" " tag="505">
      <subfield code="a">1. Fol. 1b-51b: Dīvān-i Shāhidī.</subfield>
   </datafield>
   <datafield ind1="8" ind2=" " tag="505">
      <subfield code="a">2. Fol. 52a-74a: Tuhfe-yi Şahidî.</subfield>
   </datafield>
   <datafield ind1=" " ind2=" " tag="500">
      <subfield code="a">Text 1 is dated last 10 days of Ramaḍan 932 (1526) -- colophon (fol. 52b).</subfield>
   </datafield>
   <datafield ind1=" " ind2=" " tag="500">
      <subfield code="a">Text 1 is written diagonally in two columns in small nastaʻlīq in black ink, with 7 lines per page. The text is is inside a gold leaf frame outlined in black ink. It has an illuminated head piece (ʻunwān) on fol. 1b, beautifully executed in gold leaf with blue, orange, black and white watercolors. Text 2 is written in two columns in very small naskh in black ink with use of red for rubrication and with 17 lines per page. The text is inside a frame outlined in red ink, except on ff. 52b-53a, where the frame is in gold leaf outlined in black ink. Catchwords on the verso of each leaf. Glazed paper with visible chain lines, different for the two texts, with several olive colored leaves in text 1. Text 2 has a table of contents on fol. 52a, and has some marginal annotations throughout.</subfield>
   </datafield>
   <datafield ind1=" " ind2=" " tag="541">
      <subfield code="c">Gift ;</subfield>
      <subfield code="a">Robert Garrett, Class of 1897 ;</subfield>
      <subfield code="d">1942.</subfield>
   </datafield>
   <datafield ind1=" " ind2=" " tag="561">
      <subfield code="a">Originally acquired by Robert Garrett from Abraham Shalom Yahuda ; 1942.</subfield>
   </datafield>
   <datafield ind1=" " ind2=" " tag="563">
      <subfield code="a">Olive cloth with embossed floral pattern and light green paper around borders on covers. Brown leather on spine and cover edges. Pastedowns in marbled paper.</subfield>
   </datafield>
   <datafield ind1=" " ind2="0" tag="650">
      <subfield code="a">Persian language</subfield>
      <subfield code="v">Dictionaries</subfield>
      <subfield code="x">Turkish</subfield>
      <subfield code="v">Early works to 1800.</subfield>
   </datafield>
   <datafield ind1=" " ind2="0" tag="650">
      <subfield code="a">Manuscripts, Turkish</subfield>
      <subfield code="z">New Jersey</subfield>
      <subfield code="z">Princeton.</subfield>
   </datafield>
   <datafield ind1=" " ind2="0" tag="650">
      <subfield code="a">Manuscripts, Persian</subfield>
      <subfield code="z">New Jersey</subfield>
      <subfield code="z">Princeton.</subfield>
   </datafield>
   <datafield ind1=" " ind2="7" tag="655">
      <subfield code="a">Manuscripts, Turkish</subfield>
      <subfield code="2">lcsh</subfield>
   </datafield>
   <datafield ind1=" " ind2="7" tag="655">
      <subfield code="a">Manuscripts, Persian</subfield>
      <subfield code="y">16th century.</subfield>
      <subfield code="2">lcsh</subfield>
   </datafield>
   <datafield ind1=" " ind2="7" tag="655">
      <subfield code="a">Illuminated manuscripts</subfield>
      <subfield code="z">Islamic Empire</subfield>
      <subfield code="y">16th century.</subfield>
      <subfield code="2">aat</subfield>
   </datafield>
   <datafield ind1=" " ind2="7" tag="655">
      <subfield code="a">Headpieces (layout features)</subfield>
      <subfield code="z">Islamic Empire</subfield>
      <subfield code="y">16th century.</subfield>
      <subfield code="2">aat</subfield>
   </datafield>
   <datafield ind1="0" ind2=" " tag="774">
      <subfield code="t">Dīvān-i Shāhidī</subfield>
      <subfield code="w">5148556</subfield>
   </datafield>
   <datafield ind1="0" ind2=" " tag="774">
      <subfield code="t">Tuhfe-yi Şahidî</subfield>
      <subfield code="w">5148557</subfield>
   </datafield>
   <datafield ind1="0" ind2=" " tag="880">
      <subfield code="6">100-01/(3/r</subfield>
      <subfield code="a">شاهدي ابراهيم دده.</subfield>
   </datafield>
   <datafield ind1="1" ind2="0" tag="880">
      <subfield code="6">245-02/(3/r</subfield>
      <subfield code="a">دىوان شاهدى.</subfield>
   </datafield>
   <datafield ind1="4" ind2="1" tag="856">
      <subfield code="u">http://arks.princeton.edu/ark:/88435/h128nd760</subfield>
   </datafield>
</record>