<record xmlns="http://www.loc.gov/MARC21/slim" xmlns:xsi="http://www.w3.org/2001/XMLSchema-instance">
   <leader>04276ctm a2200541Ia 4500</leader>
   <controlfield tag="001">4822780</controlfield>
   <controlfield tag="005">20120621161649.0</controlfield>
   <controlfield tag="008">060816s1744    xx            000 0 ara d</controlfield>
   <datafield ind1=" " ind2=" " tag="035">
      <subfield code="a">(OCoLC)ocm70913968</subfield>
   </datafield>
   <datafield ind1=" " ind2=" " tag="040">
      <subfield code="a">PUL</subfield>
      <subfield code="c">PUL</subfield>
      <subfield code="e">amremm</subfield>
   </datafield>
   <datafield ind1=" " ind2=" " tag="043">
      <subfield code="a">n-us-nj</subfield>
   </datafield>
   <datafield ind1=" " ind2=" " tag="049">
      <subfield code="a">PULL</subfield>
   </datafield>
   <datafield ind1="0" ind2=" " tag="130">
      <subfield code="6">880-01</subfield>
      <subfield code="a">Malḥamat Dāniyāl.</subfield>
   </datafield>
   <datafield ind1="0" ind2="0" tag="245">
      <subfield code="6">880-02</subfield>
      <subfield code="a">Kitāb al-Malḥamah al-mukhbirah.</subfield>
   </datafield>
   <datafield ind1="3" ind2="3" tag="246">
      <subfield code="a">Kitāb al-Malḥamah al-mukhabbirah</subfield>
   </datafield>
   <datafield ind1="3" ind2="0" tag="246">
      <subfield code="6">880-03</subfield>
      <subfield code="a">Malḥamah al-mukhbirah</subfield>
   </datafield>
   <datafield ind1=" " ind2=" " tag="260">
      <subfield code="c">[1744]</subfield>
   </datafield>
   <datafield ind1=" " ind2=" " tag="300">
      <subfield code="a">i, 40 leaves :</subfield>
      <subfield code="b">paper ;</subfield>
      <subfield code="c">220 x 158 (152 x 115) mm. bound to 220 x 165 mm.</subfield>
   </datafield>
   <datafield ind1=" " ind2=" " tag="500">
      <subfield code="a">Ms. codex.</subfield>
   </datafield>
   <datafield ind1=" " ind2=" " tag="500">
      <subfield code="a">Title from rubric (fol. 1a).</subfield>
   </datafield>
   <datafield ind1="8" ind2=" " tag="520">
      <subfield code="a">Treatise on astral magic, dealing with the days of the week, the beginning of the year, and natural phenomena such as thunder, eclipses, etc. in conjunction with astral revolutions. A text with the same title and similar content is attributed to Hermes Trismegistus in Princeton University Library, Islamic Manuscripts, Garrett no. 547H.</subfield>
   </datafield>
   <datafield ind1=" " ind2=" " tag="500">
      <subfield code="a">17 long lines per page. Written in medium small naskh in black ink with red for over-lining and headings. European glazed paper with watermark. Catchword on the verso of each folio. Foliation in pencil using Western numerals. On a modern label on the lower cover, inscription in Roman characters: "T.G. 6".</subfield>
   </datafield>
   <datafield ind1=" " ind2=" " tag="500">
      <subfield code="a">The copy contains two texts with the same title, with no further indication. The second text is incomplete at end.</subfield>
   </datafield>
   <datafield ind1=" " ind2=" " tag="500">
      <subfield code="a">Collation: Paper ; fol. 41 ; i (blank) + 39 + i (blank).</subfield>
   </datafield>
   <datafield ind1=" " ind2=" " tag="500">
      <subfield code="a">Copied in Muḥarram 1157 by Muḥammad ibn Shaykh ʻAbd al-Jamīl (colophon text or part 1, fol. 30a).</subfield>
   </datafield>
   <datafield ind1="8" ind2=" " tag="505">
      <subfield code="a">1. fol. 1a-30a : Kitāb al-Malḥamah al-mukhbirah.</subfield>
   </datafield>
   <datafield ind1="0" ind2=" " tag="505">
      <subfield code="a">2. fol. 30b-39b : Kitāb al-Malḥamah.</subfield>
   </datafield>
   <datafield ind1=" " ind2=" " tag="561">
      <subfield code="a">Acquired from Brill, Leyden, 1904, from the books of Amīn ibn al-Ḥasan al-Ḥulwānī al-Madanī al-Ḥanafī (Medina).</subfield>
   </datafield>
   <datafield ind1=" " ind2=" " tag="563">
      <subfield code="a">Upper and lower covers of red leather over paper pasteboards, with a similar blind-tooled outerframe made of a guilloche and several fillets. Doublure of brown and beige embossed paper with a floral motif. Repaired.</subfield>
   </datafield>
   <datafield ind1="4" ind2=" " tag="510">
      <subfield code="a">Hitti, P. Garrett coll.,</subfield>
      <subfield code="c">961</subfield>
   </datafield>
   <datafield ind1="4" ind2=" " tag="510">
      <subfield code="a">Ullmann, M. Die Natur- und Geheimwissenschaften,</subfield>
      <subfield code="c">p. 293.</subfield>
   </datafield>
   <datafield ind1=" " ind2=" " tag="541">
      <subfield code="c">Gift ;</subfield>
      <subfield code="a">Robert Garrett, Class of 1897 ;</subfield>
      <subfield code="d">1942.</subfield>
   </datafield>
   <datafield ind1="0" ind2="0" tag="600">
      <subfield code="a">Daniel</subfield>
      <subfield code="c">(Biblical figure).</subfield>
   </datafield>
   <datafield ind1=" " ind2="0" tag="650">
      <subfield code="a">Predictive astrology</subfield>
      <subfield code="z">Islamic empire</subfield>
      <subfield code="v">Early works to 1800.</subfield>
   </datafield>
   <datafield ind1=" " ind2="0" tag="650">
      <subfield code="a">Astrology, Arab</subfield>
      <subfield code="v">Early works to 1800.</subfield>
   </datafield>
   <datafield ind1=" " ind2="0" tag="650">
      <subfield code="a">Hermetism</subfield>
      <subfield code="z">Islamic countries</subfield>
      <subfield code="v">Early works to 1800.</subfield>
   </datafield>
   <datafield ind1=" " ind2="0" tag="650">
      <subfield code="a">Manuscripts, Arabic</subfield>
      <subfield code="z">New Jersey</subfield>
      <subfield code="z">Princeton.</subfield>
   </datafield>
   <datafield ind1=" " ind2="7" tag="655">
      <subfield code="a">Manuscripts, Arabic</subfield>
      <subfield code="y">18th century.</subfield>
      <subfield code="2">lcsh</subfield>
   </datafield>
   <datafield ind1="0" ind2=" " tag="700">
      <subfield code="a">Hermes, Trismegistus.</subfield>
   </datafield>
   <datafield ind1="0" ind2=" " tag="880">
      <subfield code="6">130-01/r</subfield>
      <subfield code="a">ملحمة دانيال</subfield>
   </datafield>
   <datafield ind1="0" ind2="0" tag="880">
      <subfield code="6">245-02/r</subfield>
      <subfield code="a">كتاب الملحمة المخبرة</subfield>
   </datafield>
   <datafield ind1="3" ind2="0" tag="880">
      <subfield code="6">246-03/r</subfield>
      <subfield code="a">ملحمة المخبرة</subfield>
   </datafield>
   <datafield ind1=" " ind2=" " tag="880">
      <subfield code="6">500-00/r</subfield>
      <subfield code="a">Incipit (fol. 1a): بسم ... الحَمد للّه يب العالمين والصلوة والتسليم علي قاءيد الغر(؟) المحجلينَ(؟) محمد واله وصحبه الطيبين الطاهرين اما بعد قال دانيال عليه السَّلام احببت ان ابين للناس طريق واضح في الاخبار الايام والشهور العربية فقلت يوم السبت ان دخل فيه المحرم</subfield>
   </datafield>
   <datafield ind1=" " ind2=" " tag="880">
      <subfield code="6">500-00/r</subfield>
      <subfield code="a">Explicit (fol. 30a): وتزيد علي المجموع خمست يصير المجموع خمسه وعشرين نقول كانت الشمس بالحمل والقمر قد طلع من الاسد ودخل في السنبله والله اعلم تمت</subfield>
   </datafield>
   <datafield ind1=" " ind2=" " tag="880">
      <subfield code="6">500-00/r</subfield>
      <subfield code="a">Incipit (fol. 30b): كتاب الملحمه مرويت عن دانيال عليه السلام فاول ما نقول علي كسوف الشمس نيسان قال دانيال عليه السلام اذا انكسفت الشمس في عشر الاول من شهر نيسان بالشمسية في ناحية المشرق</subfield>
   </datafield>
   <datafield ind1=" " ind2=" " tag="880">
      <subfield code="6">500-00/r</subfield>
      <subfield code="a">Explicit (fol. 39b): \\ الشمال وناحيت دمشق خوف وفتن ويكون بناحيت القبله رخص وطذا يكون علي ناحيت</subfield>
   </datafield>
   <datafield ind1="4" ind2="1" tag="856">
      <subfield code="u">http://arks.princeton.edu/ark:/88435/cc08hf673</subfield>
   </datafield>
</record>