<record xmlns="http://www.loc.gov/MARC21/slim" xmlns:xsi="http://www.w3.org/2001/XMLSchema-instance">
   <leader>05387ctm a2200697Ia 4500</leader>
   <controlfield tag="001">5559859</controlfield>
   <controlfield tag="005">20120531134628.0</controlfield>
   <controlfield tag="008">080828q18uu18uuii p          000 0 urd d</controlfield>
   <datafield ind1=" " ind2=" " tag="035">
      <subfield code="a">(OCoLC)ocn244569578</subfield>
   </datafield>
   <datafield ind1=" " ind2=" " tag="040">
      <subfield code="a">PUL</subfield>
      <subfield code="c">PUL</subfield>
      <subfield code="e">amremm</subfield>
   </datafield>
   <datafield ind1=" " ind2=" " tag="066">
      <subfield code="c">(3</subfield>
      <subfield code="c">(4</subfield>
   </datafield>
   <datafield ind1=" " ind2=" " tag="035">
      <subfield code="a">(OCoLC)244569578</subfield>
   </datafield>
   <datafield ind1=" " ind2=" " tag="043">
      <subfield code="a">n-us-nj</subfield>
   </datafield>
   <datafield ind1=" " ind2=" " tag="049">
      <subfield code="a">PULL</subfield>
   </datafield>
   <datafield ind1="1" ind2="0" tag="245">
      <subfield code="6">880-02</subfield>
      <subfield code="a">[Siḥr al-Bayān].</subfield>
   </datafield>
   <datafield ind1=" " ind2=" " tag="260">
      <subfield code="a">[India,</subfield>
      <subfield code="c">18--?]</subfield>
   </datafield>
   <datafield ind1=" " ind2=" " tag="300">
      <subfield code="a">i, 103, i leaves :</subfield>
      <subfield code="b">paper ;</subfield>
      <subfield code="c">210 x 135 (165 x 100) mm. bound to 215 x 145 mm.</subfield>
   </datafield>
   <datafield ind1=" " ind2=" " tag="500">
      <subfield code="a">Ms. codex.</subfield>
   </datafield>
   <datafield ind1=" " ind2=" " tag="500">
      <subfield code="a">Title provided by cataloger.</subfield>
   </datafield>
   <datafield ind1="8" ind2=" " tag="520">
      <subfield code="a">Illuminated copy of Sihr al-Bayān, a love story with fabulous elements between prince Bīnaẓīr and princess Badr-i Munīr, completed in 1199/1785 (EI²). The text is preceded on fol. 1a-3a by verses of poetry and prayers in Persian and Arabic.</subfield>
   </datafield>
   <datafield ind1=" " ind2=" " tag="500">
      <subfield code="a">Physical description: 12 lines per page. Written in medium large nastaʻlīq in black ink, with use of red for headings and miniatures' caption. The text is framed in gold, red, and black, with an outer frame consisting of a single black line. Two columns separated by double lines in black ink. Some miniatures are protected by a smaller piece of paper pasted on the inner margin, with inscriptions. Inscription in Roman script on fol. 1a, reading: "Adjudan [or: Adjudah?] Sing Sepay / Company".</subfield>
   </datafield>
   <datafield ind1=" " ind2=" " tag="500">
      <subfield code="a">Decoration: Illuminated headpiece with basmalah, executed in gold and colors (fol. 3b). Contains sixteen miniatures.</subfield>
   </datafield>
   <datafield ind1=" " ind2=" " tag="500">
      <subfield code="a">Miniature 1 (fol. 12b): King, attendants and visitors.</subfield>
   </datafield>
   <datafield ind1=" " ind2=" " tag="500">
      <subfield code="a">Miniature 2 (fol. 17a): The birth of Prince Bī Naẓīr ("Tavallud-i Shāhzādah Bī Naẓīr").</subfield>
   </datafield>
   <datafield ind1=" " ind2=" " tag="500">
      <subfield code="a">Miniature 3 (fol. 21a): Prince and five female characters in a garden, with parrots in cages.</subfield>
   </datafield>
   <datafield ind1=" " ind2=" " tag="500">
      <subfield code="a">Miniature 4 (fol. 23b): Shāhzādah at the ḥammām ("Dar āmadan Shāhzādah dar ḥammām"), with four attendants, one holding a mirror where one sees a reflection of the main character.</subfield>
   </datafield>
   <datafield ind1=" " ind2=" " tag="500">
      <subfield code="a">Miniature 5 (fol. 29a): Shāhzādah taken in the air by Parī's.</subfield>
   </datafield>
   <datafield ind1=" " ind2=" " tag="500">
      <subfield code="a">Miniature 6 (fol. 33b): Shāhzādah wakes up in the land of the Parī's ("Bīdār shudan-i Shāhzādah dar Parīstān").</subfield>
   </datafield>
   <datafield ind1=" " ind2=" " tag="500">
      <subfield code="a">Miniature 7 (fol. 36a): Presentation of a winged horse by a Parī to Shāhzādah; the painting also shows two female attendants and a dīv.</subfield>
   </datafield>
   <datafield ind1=" " ind2=" " tag="500">
      <subfield code="a">Miniature 8 (fol. 41b): Bī Naẓīr dismounts his winged horse, and meets Badr-i Munīr.</subfield>
   </datafield>
   <datafield ind1=" " ind2=" " tag="500">
      <subfield code="a">Miniature 9 (fol. 47a): Bī Naẓīr and Badr-i Munīr drink together ("Sharābkashī bā hamdigar"); the painting also shows two female attendants and the winged horse.</subfield>
   </datafield>
   <datafield ind1=" " ind2=" " tag="500">
      <subfield code="a">Miniature 10 (fol. 53a): Bī Naẓīr and Badr-i Munīr "unite" ("wiṣāl bā yakdigar"), with two female attendants.</subfield>
   </datafield>
   <datafield ind1=" " ind2=" " tag="500">
      <subfield code="a">Miniature 11 (fol. 56b): Bī Naẓīr is put in the well by dīv's ("Dar chāh andakhtan-i Bī Naẓīr"); the painting shows three dīv's, a parī and a female attendant.</subfield>
   </datafield>
   <datafield ind1=" " ind2=" " tag="500">
      <subfield code="a">Miniature 12 (fol. 69b): The despair of Badr-i Munīr; the painting shows Badr-i Munīr and four other female characters.</subfield>
   </datafield>
   <datafield ind1=" " ind2=" " tag="500">
      <subfield code="a">Miniature 13 (fol. 72b): Fīrūz Shāh hears about the story; the painting shows a winged prince on a throne carried by two winged Parī's and a female character; animals including a snake, a tiger, and a bear, are sitting in the fore-gound.</subfield>
   </datafield>
   <datafield ind1=" " ind2=" " tag="500">
      <subfield code="a">Miniature 14 (fol. 80b): Bī Naẓīr is taken out of the well ("Birūn kashīdan-i Bī Naẓīr az chāh"); the painting shows Bī Naẓīr on the shoulders of a dīv; two other dīv's, the winged prince and a female character are also present.</subfield>
   </datafield>
   <datafield ind1=" " ind2=" " tag="500">
      <subfield code="a">Miniature 15 (fol. 93a): The wedding of Bī Naẓīr and Badr-i Munīr ("Nikāḥ-i Bī Naẓīr bā Badr-i Munīr"). The painting shows Bī Naẓīr sitting in front of two men; in the foreground are Badr-i Munīr and two men sitting.</subfield>
   </datafield>
   <datafield ind1=" " ind2=" " tag="500">
      <subfield code="a">Miniature 16 (fol. 98a): Bī Naẓīr meets the parents ("mulāqāt-i Bī Naẓīr bā padar u mādar").</subfield>
   </datafield>
   <datafield ind1=" " ind2=" " tag="500">
      <subfield code="a">Origin: The copy is not dated.</subfield>
   </datafield>
   <datafield ind1=" " ind2=" " tag="561">
      <subfield code="a">Acquired from Abraham Shalom Yahuda, 1942.</subfield>
   </datafield>
   <datafield ind1=" " ind2=" " tag="541">
      <subfield code="c">Gift ;</subfield>
      <subfield code="a">Robert Garrett, Class of 1897 ;</subfield>
      <subfield code="d">1942.</subfield>
   </datafield>
   <datafield ind1=" " ind2="0" tag="650">
      <subfield code="a">Parrots</subfield>
      <subfield code="v">Pictorial works</subfield>
      <subfield code="v">Specimens.</subfield>
   </datafield>
   <datafield ind1=" " ind2="0" tag="650">
      <subfield code="a">Horses</subfield>
      <subfield code="v">Pictorial works</subfield>
      <subfield code="v">Specimens.</subfield>
   </datafield>
   <datafield ind1=" " ind2="0" tag="650">
      <subfield code="a">Tigers</subfield>
      <subfield code="v">Pictorial works</subfield>
      <subfield code="v">Specimens.</subfield>
   </datafield>
   <datafield ind1=" " ind2="0" tag="650">
      <subfield code="a">Bears</subfield>
      <subfield code="v">Pictorial works</subfield>
      <subfield code="v">Specimens.</subfield>
   </datafield>
   <datafield ind1=" " ind2="0" tag="650">
      <subfield code="a">Snakes</subfield>
      <subfield code="v">Pictorial works</subfield>
      <subfield code="v">Specimens.</subfield>
   </datafield>
   <datafield ind1=" " ind2="0" tag="650">
      <subfield code="a">Animals, Mythical</subfield>
      <subfield code="v">Pictorial works</subfield>
      <subfield code="v">Specimens.</subfield>
   </datafield>
   <datafield ind1=" " ind2="0" tag="650">
      <subfield code="a">Jinn</subfield>
      <subfield code="v">Pictorial works</subfield>
      <subfield code="v">Specimens.</subfield>
   </datafield>
   <datafield ind1=" " ind2="0" tag="650">
      <subfield code="a">Urdu literature</subfield>
      <subfield code="y">18th century.</subfield>
   </datafield>
   <datafield ind1=" " ind2="0" tag="650">
      <subfield code="a">Urdu poetry</subfield>
      <subfield code="y">18th century.</subfield>
   </datafield>
   <datafield ind1=" " ind2="0" tag="650">
      <subfield code="a">Monsters</subfield>
      <subfield code="v">Pictorial works</subfield>
      <subfield code="v">Specimens.</subfield>
   </datafield>
   <datafield ind1=" " ind2="0" tag="650">
      <subfield code="a">Manuscripts, Urdu</subfield>
      <subfield code="z">New Jersey</subfield>
      <subfield code="z">Princeton.</subfield>
   </datafield>
   <datafield ind1=" " ind2="7" tag="655">
      <subfield code="a">Illuminated manuscripts</subfield>
      <subfield code="z">India</subfield>
      <subfield code="y">19th century.</subfield>
      <subfield code="2">aat</subfield>
   </datafield>
   <datafield ind1=" " ind2="7" tag="655">
      <subfield code="a">Headpieces (layout features)</subfield>
      <subfield code="z">India</subfield>
      <subfield code="y">19th century.</subfield>
      <subfield code="2">aat</subfield>
   </datafield>
   <datafield ind1=" " ind2="7" tag="655">
      <subfield code="a">Miniatures (Illuminations)</subfield>
      <subfield code="z">India</subfield>
      <subfield code="y">19th century.</subfield>
      <subfield code="2">gmgpc</subfield>
   </datafield>
   <datafield ind1=" " ind2="7" tag="655">
      <subfield code="a">Manuscripts, Urdu</subfield>
      <subfield code="y">19th century.</subfield>
      <subfield code="2">lcsh</subfield>
   </datafield>
   <datafield ind1="1" ind2=" " tag="880">
      <subfield code="6">100-01/(3/r</subfield>
      <subfield code="a">حسن، مير</subfield>
   </datafield>
   <datafield ind1="1" ind2="0" tag="880">
      <subfield code="6">245-02/(3/r</subfield>
      <subfield code="a">سحر البيان</subfield>
   </datafield>
   <datafield ind1=" " ind2=" " tag="880">
      <subfield code="6">500-00/(3/r</subfield>
      <subfield code="a">Incipit: كرون پيلى توحيد يزدان رقم چهكا جكى سجده</subfield>
   </datafield>
   <datafield ind1="4" ind2="1" tag="856">
      <subfield code="u">http://arks.princeton.edu/ark:/88435/3t945q83n</subfield>
   </datafield>
</record>