<record xmlns="http://www.loc.gov/MARC21/slim" xmlns:xsi="http://www.w3.org/2001/XMLSchema-instance">
   <leader>03581ctm a2200481Ia 4500</leader>
   <controlfield tag="001">4707793</controlfield>
   <controlfield tag="005">20111114131730.0</controlfield>
   <controlfield tag="008">060425s1473    xx            000 0 ara d</controlfield>
   <datafield ind1=" " ind2=" " tag="035">
      <subfield code="a">(OCoLC)ocm67613892</subfield>
   </datafield>
   <datafield ind1=" " ind2=" " tag="040">
      <subfield code="a">PUL</subfield>
      <subfield code="c">PUL</subfield>
      <subfield code="e">amremm</subfield>
   </datafield>
   <datafield ind1=" " ind2=" " tag="043">
      <subfield code="a">n-us-nj</subfield>
   </datafield>
   <datafield ind1=" " ind2=" " tag="049">
      <subfield code="a">PULL</subfield>
   </datafield>
   <datafield ind1="1" ind2=" " tag="100">
      <subfield code="6">880-01</subfield>
      <subfield code="a">Ibn Sūdūn, ʻAlī,</subfield>
      <subfield code="d">1407 or 8-1463 or 4</subfield>
   </datafield>
   <datafield ind1="1" ind2="0" tag="245">
      <subfield code="6">880-02</subfield>
      <subfield code="a">Nuzʹhat al-nufūs wa-muḍḥik al-ʻabūs</subfield>
   </datafield>
   <datafield ind1="1" ind2=" " tag="246">
      <subfield code="6">880-03</subfield>
      <subfield code="i">Other title at beginning of text (fol. 2a, l. 19) :</subfield>
      <subfield code="a">Qurrat al-nāẓir wa-nuzʹhat al-khāṭir</subfield>
   </datafield>
   <datafield ind1="1" ind2=" " tag="246">
      <subfield code="6">880-04</subfield>
      <subfield code="i">Title on fol. (i)a :</subfield>
      <subfield code="a">Dīwān Ibn Sūdūn</subfield>
   </datafield>
   <datafield ind1=" " ind2=" " tag="260">
      <subfield code="c">[1473]</subfield>
   </datafield>
   <datafield ind1=" " ind2=" " tag="300">
      <subfield code="a">90 leaves : paper ; 218 x 143 (151 x 105) mm. bound to 216 x 147 mm.</subfield>
   </datafield>
   <datafield ind1=" " ind2=" " tag="500">
      <subfield code="a">Ms. codex.</subfield>
   </datafield>
   <datafield ind1=" " ind2=" " tag="500">
      <subfield code="a">Title from beginning of text (fol. 2a, l. 8).</subfield>
   </datafield>
   <datafield ind1="8" ind2=" " tag="520">
      <subfield code="a">Collection of entertaining bits of poetry and prose.</subfield>
   </datafield>
   <datafield ind1=" " ind2=" " tag="500">
      <subfield code="a">The name of the author appears in the beginning of the text as ʻAlī ibn Sūdūn al-Bashghāwī (fol. 1b, l. 9).</subfield>
   </datafield>
   <datafield ind1=" " ind2=" " tag="500">
      <subfield code="a">21 lines per page. Written in medium small naskh in black ink, with use of red for headings, keywords, decorations and re-inking of some letters. Glazed paper with vertical laid lines and horizontal chain lines visible. Collation notes. Annotations in Ottoman Turkish. On fol. (i) (attached to the upper cover): title, verses of poetry, mentions "K" and "15 L". On fol. 1a: title, ownership and reading statements, verses of poetry, scribal exercise.</subfield>
   </datafield>
   <datafield ind1=" " ind2=" " tag="500">
      <subfield code="a">Collation: Paper, fol. i (attached to the upper cover) + 89 ; 1⁸ 2-8¹⁰ 9¹⁰ (+1, fol. 89) ; the quires are numbered using Arabic ordinals, from the 2d quire (in the form "tānī") ; catchword on the verso of each leaf.</subfield>
   </datafield>
   <datafield ind1=" " ind2=" " tag="500">
      <subfield code="a">Copied by ʻAbd al-Raḥmān ibn Abī ʻUmar al-Maqdisī on 19 Shaʻbān 877.</subfield>
   </datafield>
   <datafield ind1=" " ind2=" " tag="561">
      <subfield code="a">Acquired from Brill, Leyden, 1904, from the books of Amīn ibn al-Ḥasan al-Ḥulwānī al-Madanī al-Ḥanafī (Medina).</subfield>
   </datafield>
   <datafield ind1=" " ind2=" " tag="563">
      <subfield code="a">Marbled paper with a leaf pattern on a grey background pasted on leather over paper pasteboards for the upper and lower covers. Similar to Islamic Mss. Garrett no. 515H. The spine is wanting. Disbound.</subfield>
   </datafield>
   <datafield ind1="4" ind2=" " tag="510">
      <subfield code="a">Hitti, P. Garrett coll.,</subfield>
      <subfield code="c">105</subfield>
   </datafield>
   <datafield ind1="4" ind2=" " tag="510">
      <subfield code="a">Brockelmann, C. GAL,</subfield>
      <subfield code="c">II, 18</subfield>
   </datafield>
   <datafield ind1="4" ind2=" " tag="510">
      <subfield code="a">Brockelmann, C. GAL,</subfield>
      <subfield code="c">SII, 11</subfield>
   </datafield>
   <datafield ind1="4" ind2=" " tag="510">
      <subfield code="a">Vrolijk, A. Bringing a laugh to a scowling face. Leiden: 1998,</subfield>
      <subfield code="c">p. 83</subfield>
   </datafield>
   <datafield ind1=" " ind2=" " tag="541">
      <subfield code="c">Gift ;</subfield>
      <subfield code="a">Robert Garrett, Class of 1897 ;</subfield>
      <subfield code="d">1942.</subfield>
   </datafield>
   <datafield ind1=" " ind2="0" tag="650">
      <subfield code="a">Arabic poetry</subfield>
      <subfield code="v">Early works to 1800</subfield>
   </datafield>
   <datafield ind1=" " ind2="0" tag="650">
      <subfield code="a">Manuscripts, Arabic</subfield>
      <subfield code="z">New Jersey</subfield>
      <subfield code="z">Princeton.</subfield>
   </datafield>
   <datafield ind1=" " ind2="7" tag="655">
      <subfield code="a">Manuscripts, Arabic</subfield>
      <subfield code="y">15th century.</subfield>
      <subfield code="2">lcsh</subfield>
   </datafield>
   <datafield ind1="1" ind2=" " tag="880">
      <subfield code="6">100-01//r</subfield>
      <subfield code="a">ابن سودون، علي</subfield>
   </datafield>
   <datafield ind1="1" ind2="0" tag="880">
      <subfield code="6">245-02//r</subfield>
      <subfield code="a">نزهة النفوس ومضحك العبوس</subfield>
   </datafield>
   <datafield ind1="1" ind2=" " tag="880">
      <subfield code="6">246-03//r</subfield>
      <subfield code="a">قرة الناظر ونزهة الخاطر</subfield>
   </datafield>
   <datafield ind1="1" ind2=" " tag="880">
      <subfield code="6">246-04//r</subfield>
      <subfield code="a">ديوان ابن سودون</subfield>
   </datafield>
   <datafield ind1=" " ind2=" " tag="880">
      <subfield code="6">500-00//r</subfield>
      <subfield code="a">Incipit: بسم ... وهو حسبي ونعم الوكيل الحمد لله المنعم عند قبض النفوس بشرح الصدور ... اما بعد فاني لما كنت ساكن القلب من تحريك هم العيال</subfield>
   </datafield>
   <datafield ind1=" " ind2=" " tag="880">
      <subfield code="6">500-00//r</subfield>
      <subfield code="a">Explicit: للبسط في قلب هذا الماتكسير(؟) لكنه بجمال الدهر محبور محرر سع في ذا السفح منطلقاً فاعجب له من طليق وهو مجرور وهذا اخر ما تيسر من جمع كلام العلامة الاديب العالم الفاضل علي بن سودون</subfield>
   </datafield>
   <datafield ind1="4" ind2="1" tag="856">
      <subfield code="u">http://arks.princeton.edu/ark:/88435/02870v929</subfield>
   </datafield>
</record>