<record xmlns="http://www.loc.gov/MARC21/slim" xmlns:xsi="http://www.w3.org/2001/XMLSchema-instance">
   <leader>02745ctm a2200445Ia 4500</leader>
   <controlfield tag="001">5528008</controlfield>
   <controlfield tag="005">20111122093131.0</controlfield>
   <controlfield tag="008">080723q18uu19uuxx            000 0 per d</controlfield>
   <datafield ind1=" " ind2=" " tag="035">
      <subfield code="a">(OCoLC)ocn235246781</subfield>
   </datafield>
   <datafield ind1=" " ind2=" " tag="040">
      <subfield code="a">PUL</subfield>
      <subfield code="c">PUL</subfield>
      <subfield code="e">amremm</subfield>
   </datafield>
   <datafield ind1=" " ind2=" " tag="066">
      <subfield code="c">(3</subfield>
      <subfield code="c">(4</subfield>
   </datafield>
   <datafield ind1=" " ind2=" " tag="035">
      <subfield code="a">(OCoLC)235246781</subfield>
   </datafield>
   <datafield ind1=" " ind2=" " tag="043">
      <subfield code="a">n-us-nj</subfield>
   </datafield>
   <datafield ind1=" " ind2=" " tag="049">
      <subfield code="a">PULL</subfield>
   </datafield>
   <datafield ind1="0" ind2=" " tag="100">
      <subfield code="6">880-01</subfield>
      <subfield code="a">Manṣūr ibn Muḥammad ibn Aḥmad,</subfield>
      <subfield code="d">14th cent.</subfield>
   </datafield>
   <datafield ind1="1" ind2="0" tag="240">
      <subfield code="6">880-02</subfield>
      <subfield code="a">Kifāyah-i Mujāhidīyah</subfield>
   </datafield>
   <datafield ind1="1" ind2="0" tag="245">
      <subfield code="6">880-03</subfield>
      <subfield code="a">Kifāyah-i mujāhadah dar ṭibb.</subfield>
   </datafield>
   <datafield ind1=" " ind2=" " tag="260">
      <subfield code="c">[18--?]</subfield>
   </datafield>
   <datafield ind1=" " ind2=" " tag="300">
      <subfield code="a">171 leaves :</subfield>
      <subfield code="b">paper ;</subfield>
      <subfield code="c">222 x 158 (165 x 115) mm. bound to 228 x 165 mm.</subfield>
   </datafield>
   <datafield ind1=" " ind2=" " tag="500">
      <subfield code="a">Ms. codex.</subfield>
   </datafield>
   <datafield ind1=" " ind2=" " tag="500">
      <subfield code="a">Title from inscription on the pastedown of the upper cover.</subfield>
   </datafield>
   <datafield ind1="8" ind2=" " tag="520">
      <subfield code="a">Treatise on medicine in two parts (see description of contents in the preamble of the text, fol. 3a-4b), also known as "Kifāyah-i Manṣūrī". The text is dedicated to Sulṭān Mujāhid al-Dīn Zayn al-ʻĀbidīn, i.e. Zayn al-ʻĀbidīn al-Muẓẓafarī, ruler of Fars, 786-789/1384-1387, according to the Mashhad catalogue. Rieu suggests that the dedicatee is rather Zayn al-ʻĀbidīn of Kashmīr, 823-875/1420-1470. There is no evidence however that the laqab of the latter is Mujāhid al-Dīn (Storey, C. Persian Literature).</subfield>
   </datafield>
   <datafield ind1=" " ind2=" " tag="500">
      <subfield code="a">Physical description: 17 lines per page. Written in medium small nastaʻlīq in black ink with use of red. Thin laid paper ; frame-ruled. Stained with water ; insect damage.</subfield>
   </datafield>
   <datafield ind1=" " ind2=" " tag="500">
      <subfield code="a">Chiefly quaternions ; catchword on the verso of each leaf.</subfield>
   </datafield>
   <datafield ind1=" " ind2=" " tag="500">
      <subfield code="a">Origin: The copy is not dated. The paper and the script suggest the 19th cent.</subfield>
   </datafield>
   <datafield ind1=" " ind2=" " tag="561">
      <subfield code="a">Acquired from Widgery, Cambridge, 1925.</subfield>
   </datafield>
   <datafield ind1=" " ind2=" " tag="563">
      <subfield code="a">Half bound in paper and purple cloth.</subfield>
   </datafield>
   <datafield ind1="4" ind2=" " tag="510">
      <subfield code="a">Moghadam, M. et al. Garrett coll.,</subfield>
      <subfield code="c">76</subfield>
   </datafield>
   <datafield ind1="4" ind2=" " tag="510">
      <subfield code="a">Storey, C. Persian literature,</subfield>
      <subfield code="c">II, 225</subfield>
   </datafield>
   <datafield ind1=" " ind2=" " tag="541">
      <subfield code="c">Gift ;</subfield>
      <subfield code="a">Robert Garrett, Class of 1897 ;</subfield>
      <subfield code="d">1942.</subfield>
   </datafield>
   <datafield ind1=" " ind2="0" tag="650">
      <subfield code="a">Medicine, Persian</subfield>
      <subfield code="v">Early works to 1800.</subfield>
   </datafield>
   <datafield ind1=" " ind2="0" tag="650">
      <subfield code="a">Manuscripts, Persian</subfield>
      <subfield code="z">New Jersey</subfield>
      <subfield code="z">Princeton.</subfield>
   </datafield>
   <datafield ind1=" " ind2="7" tag="655">
      <subfield code="a">Manuscripts, Persian</subfield>
      <subfield code="y">19th century.</subfield>
      <subfield code="2">lcsh</subfield>
   </datafield>
   <datafield ind1="0" ind2=" " tag="880">
      <subfield code="6">100-01/(3/r</subfield>
      <subfield code="a">منصور بن محمد بن احمد</subfield>
   </datafield>
   <datafield ind1="1" ind2="0" tag="880">
      <subfield code="6">240-02/(3/r</subfield>
      <subfield code="a">كفايه مجاهديه</subfield>
   </datafield>
   <datafield ind1="1" ind2="0" tag="880">
      <subfield code="6">245-03/(3/r</subfield>
      <subfield code="a">كفايه مجاهده در طب</subfield>
   </datafield>
   <datafield ind1=" " ind2=" " tag="880">
      <subfield code="6">500-00/(3/r</subfield>
      <subfield code="a">Incipit: يا فتاح رب يسر وتمم بالخير بسم ... شكر وسپاس مر خالقي را كه در خلقت انساني دقايق حكمت او بي پايانست</subfield>
   </datafield>
   <datafield ind1=" " ind2=" " tag="880">
      <subfield code="6">500-00/(3/r</subfield>
      <subfield code="a">Explicit: با عسل بر ذكر طلا كنند همين عمل كند والله اعلم بالصواب تمام شد</subfield>
   </datafield>
   <datafield ind1="4" ind2="1" tag="856">
      <subfield code="u">http://arks.princeton.edu/ark:/88435/v979v312f</subfield>
   </datafield>
</record>