<record xmlns="http://www.loc.gov/MARC21/slim" xmlns:xsi="http://www.w3.org/2001/XMLSchema-instance">
   <leader>04263ctm a2200457Ia 4500</leader>
   <controlfield tag="001">4730366</controlfield>
   <controlfield tag="005">20111122094959.0</controlfield>
   <controlfield tag="008">060517q17991899xx a          000 0 ara d</controlfield>
   <datafield ind1=" " ind2=" " tag="035">
      <subfield code="a">(OCoLC)ocm68940873</subfield>
   </datafield>
   <datafield ind1=" " ind2=" " tag="040">
      <subfield code="a">PUL</subfield>
      <subfield code="c">PUL</subfield>
      <subfield code="e">amremm</subfield>
   </datafield>
   <datafield ind1=" " ind2=" " tag="043">
      <subfield code="a">n-us-nj</subfield>
   </datafield>
   <datafield ind1=" " ind2=" " tag="049">
      <subfield code="a">PULL</subfield>
   </datafield>
   <datafield ind1="1" ind2=" " tag="100">
      <subfield code="a">Muhtadī, ʻUthmān,</subfield>
      <subfield code="d">16th or 18th cent.</subfield>
   </datafield>
   <datafield ind1="1" ind2="0" tag="245">
      <subfield code="6">880-01</subfield>
      <subfield code="a">Hadīyat al-muhtadī fī ʻilm al-handasah wa-al-masāḥah wa-ramy al-khamīrah wa-ḥafr al-lughm /</subfield>
      <subfield code="c">li-ʻUthmān al-Muhtadī al-tarjumān fī Qalʻat Bulghār fī taʾrīkh 960.</subfield>
   </datafield>
   <datafield ind1="1" ind2=" " tag="246">
      <subfield code="6">880-02</subfield>
      <subfield code="i">Title in Brockelmann, C. GAL :</subfield>
      <subfield code="a">Hadīyat al-muhtadī fī ʻilm al-handasah wa-al-masāḥah wa-ramy al-khumbarah wa-ḥafr al-lughm</subfield>
   </datafield>
   <datafield ind1="1" ind2=" " tag="246">
      <subfield code="6">880-03</subfield>
      <subfield code="i">Title in King, D. Survey :</subfield>
      <subfield code="a">Hidyat al-muhtadī li-īqād al-sirāj al-munṭafī</subfield>
   </datafield>
   <datafield ind1=" " ind2=" " tag="260">
      <subfield code="c">[18--?]</subfield>
   </datafield>
   <datafield ind1=" " ind2=" " tag="300">
      <subfield code="a">170 leaves :</subfield>
      <subfield code="b">paper, ill. ;</subfield>
      <subfield code="c">236 x 163 (150 x 80) mm. bound to 235 x 168 mm.</subfield>
   </datafield>
   <datafield ind1=" " ind2=" " tag="500">
      <subfield code="a">Ms. codex.</subfield>
   </datafield>
   <datafield ind1=" " ind2=" " tag="500">
      <subfield code="a">Title from title page (fol. 1a).</subfield>
   </datafield>
   <datafield ind1="8" ind2=" " tag="520">
      <subfield code="a">Manual with illustrations on geometry, the throwing of missiles and the planting of mines, written by an interpreter in the Castle of Bulghār in 960 H. / 1553 (the 9 of 960 is overwritten by a later hand). In a ms. in Dār al-Kutub (Cairo), this text is presented as a translation from French and another European language, and the date associated with the name is 1160 H. / 1747 (see D. King, Survey, H43). For a description of the content, see D. King, Fihris, Pt II, 6/4/48.</subfield>
   </datafield>
   <datafield ind1=" " ind2=" " tag="500">
      <subfield code="a">21 long lines per page. Diagrams and figures in the margin. Written in medium large naskh in black ink with use of red; black ink and pencil for the illustrations. European glazed paper with watermark. Pagination in pencil using Arabic numerals between brackets in the middle of the upper margin. Foliation in pencil using Western numerals.</subfield>
   </datafield>
   <datafield ind1=" " ind2=" " tag="500">
      <subfield code="a">Collation: Paper ; fol. 170 ; 17¹⁰ ; the quires are numbered using the abbreviation "k" and Arabic numerals ; catchword on the verso of each leaf.</subfield>
   </datafield>
   <datafield ind1=" " ind2=" " tag="561">
      <subfield code="a">Acquired from Brill, Leyden, 1904, from the books of Amīn ibn Ḥasan al-Ḥulwānī al-Madanī al-Ḥanafī (Medina).</subfield>
   </datafield>
   <datafield ind1=" " ind2=" " tag="563">
      <subfield code="a">Upper and lower covers made of paper on paper pasteboards. Rebacked. Disbound.</subfield>
   </datafield>
   <datafield ind1="4" ind2=" " tag="510">
      <subfield code="a">Hitti, P. Garrett coll.,</subfield>
      <subfield code="c">1056</subfield>
   </datafield>
   <datafield ind1="4" ind2=" " tag="510">
      <subfield code="a">Brockelmann, C. GAL,</subfield>
      <subfield code="c">S N II, 665</subfield>
   </datafield>
   <datafield ind1="4" ind2=" " tag="510">
      <subfield code="a">King, D. Survey (1986),</subfield>
      <subfield code="c">H43.</subfield>
   </datafield>
   <datafield ind1="4" ind2=" " tag="510">
      <subfield code="a">King, D. Fihris (1981-1986),</subfield>
      <subfield code="c">Part II, 6/4/48.</subfield>
   </datafield>
   <datafield ind1=" " ind2=" " tag="541">
      <subfield code="c">Gift ;</subfield>
      <subfield code="a">Robert Garrett, Class of 1897 ;</subfield>
      <subfield code="d">1942.</subfield>
   </datafield>
   <datafield ind1=" " ind2="0" tag="650">
      <subfield code="a">Military fireworks</subfield>
      <subfield code="z">Islamic countries</subfield>
      <subfield code="v">Early works to 1800.</subfield>
   </datafield>
   <datafield ind1=" " ind2="0" tag="650">
      <subfield code="a">Geometry</subfield>
      <subfield code="z">Islamic countries</subfield>
      <subfield code="v">Early works to 1800.</subfield>
   </datafield>
   <datafield ind1=" " ind2="0" tag="650">
      <subfield code="a">Manuscripts, Arabic</subfield>
      <subfield code="z">New Jersey</subfield>
      <subfield code="z">Princeton.</subfield>
   </datafield>
   <datafield ind1=" " ind2="7" tag="655">
      <subfield code="a">Manuscripts, Arabic</subfield>
      <subfield code="y">18th century.</subfield>
      <subfield code="2">lcsh</subfield>
   </datafield>
   <datafield ind1="1" ind2="0" tag="880">
      <subfield code="6">245-01//r</subfield>
      <subfield code="a">هدية المهتدي في علم الهندسة والمساحة ورمي الخميرة وحفر اللغم /</subfield>
      <subfield code="c">لعثمان المهتدي الترجمان في قلعة بلغار في تأريخ 960</subfield>
   </datafield>
   <datafield ind1="1" ind2=" " tag="880">
      <subfield code="6">246-02//r</subfield>
      <subfield code="a">هدية المهتدي في علم الهندسة والمساحة ورمي الخمبرة وحفر اللغم</subfield>
   </datafield>
   <datafield ind1="1" ind2=" " tag="880">
      <subfield code="6">246-03//r</subfield>
      <subfield code="a">هدية المهتدي لايقاد السراج المنطفي</subfield>
   </datafield>
   <datafield ind1=" " ind2=" " tag="880">
      <subfield code="6">500-00//r</subfield>
      <subfield code="a">Incipit: الحمد لله الذي علم للانسان ما لم يعلم والصلاة والسلام على محمد الذي هو مدينى العلم والحكم وعلى اله واصحابه الذين هم كالنجوم في الظلم وبعد فلما رايت بعض الرسالات الهندسية صنفها المتقدمون</subfield>
   </datafield>
   <datafield ind1=" " ind2=" " tag="880">
      <subfield code="6">500-00//r</subfield>
      <subfield code="a">Explicit: والغاما كبيرة تحت بروجه اي بروج العدو لرميها وافادها وامثال ذلك وليكون هذا القدر كافيا لافادة غرضنا في ترتيب هذه الرسالة وقد وقع فيها تطويل وتكرير واظهار كثير في موقع ... الواقف بها تحقيقها من غير تبديل المقال بالمآل وهو غاية رجاي وهذا من فضل ربي وهو هداني الى سبيله وقد تمت هذه النسخة</subfield>
   </datafield>
   <datafield ind1="4" ind2="1" tag="856">
      <subfield code="u">http://arks.princeton.edu/ark:/88435/qj72p7207</subfield>
   </datafield>
</record>