<record xmlns="http://www.loc.gov/MARC21/slim" xmlns:xsi="http://www.w3.org/2001/XMLSchema-instance">
   <leader>06375ctm a2200541Ia 4500</leader>
   <controlfield tag="001">5067735</controlfield>
   <controlfield tag="005">20111122103720.0</controlfield>
   <controlfield tag="008">070205s1432    ua            000 0 ara d</controlfield>
   <datafield ind1=" " ind2=" " tag="035">
      <subfield code="a">(OCoLC)ocm81949399</subfield>
   </datafield>
   <datafield ind1=" " ind2=" " tag="040">
      <subfield code="a">PUL</subfield>
      <subfield code="c">PUL</subfield>
      <subfield code="e">amremm</subfield>
   </datafield>
   <datafield ind1=" " ind2=" " tag="043">
      <subfield code="a">n-us-nj</subfield>
      <subfield code="a">f-ua---</subfield>
   </datafield>
   <datafield ind1=" " ind2=" " tag="049">
      <subfield code="a">PULL</subfield>
   </datafield>
   <datafield ind1="1" ind2=" " tag="100">
      <subfield code="6">880-01</subfield>
      <subfield code="a">Ibn Ḥajar al-ʻAsqalānī, Aḥmad ibn ʻAlī,</subfield>
      <subfield code="d">1372-1449.</subfield>
   </datafield>
   <datafield ind1="1" ind2="0" tag="240">
      <subfield code="6">880-02</subfield>
      <subfield code="a">Tahdhīb al-Tahdhīb</subfield>
   </datafield>
   <datafield ind1="1" ind2="0" tag="245">
      <subfield code="6">880-03</subfield>
      <subfield code="a">Kitāb Tahdhīb al-Tahdhīb /</subfield>
      <subfield code="c">li-Sayyidnā wa-mawlānā wa-shaykhinā ḥāfiẓ al-ʻaṣr shaykh al-Islām qādị̄ al-quḍāh baqiyat al-mujtahidīn al-aʻlām Abī al-Faḍl Aḥmad Shihāb al-millah wa-al-dīn Ibn al-shaykh al-imām al-ʻallāmah wa-al-... al-fahhāmah muftī al-muslimīn Abī al-Ḥasan ʻalī al-ʻAsqalānī al-shahīr bi-Ibn Ḥajar.</subfield>
   </datafield>
   <datafield ind1=" " ind2=" " tag="260">
      <subfield code="a">[Cairo?,</subfield>
      <subfield code="c">1432]</subfield>
   </datafield>
   <datafield ind1=" " ind2=" " tag="300">
      <subfield code="a">327 leaves:</subfield>
      <subfield code="b">paper ;</subfield>
      <subfield code="c">271 x 183 (192 x 135) mm. bound to 273 x 187 mm.</subfield>
   </datafield>
   <datafield ind1=" " ind2=" " tag="500">
      <subfield code="a">Ms. codex.</subfield>
   </datafield>
   <datafield ind1=" " ind2=" " tag="500">
      <subfield code="a">Title from audition statement on fol. 1a.</subfield>
   </datafield>
   <datafield ind1="8" ind2=" " tag="520">
      <subfield code="a">Aceph. and incomplete copy of an abridgment of Tahdhīb al-kamāl fī maʻrifat al-rijāl, a summary by Jamāl al-Dīn Yūsuf ibn ʻAbd al-Raḥmān al-Mizzī (d. 742/1341) of al-Kamāl fī maʻrifat al-rijāl by Taqī al-Dīn al-Jammāʻīlī (d. 600/1203). This copy contains a reading statement signed by the author, refering to Shams al-Dīn Muḥammad ibn Shams al-Dīn Muḥammad al-maʻrūf bi-Ibn Ḥusān (Jerusalem, Ṣafar 800 - Cairo, Rabīʻ al-Awwal 855 [1397-1451] ; see Sakhāwī, al-Ḍawʼ al-lāmiʻ, ed. 1934, vol. 9, p. 152-153), Muḥammad ibn ʻAlī ibn Jaʻfar ibn Mukhtār al-shahīr bi-Ibn Qamar al-Ḥusaynī (Cairo, d. 13 Jumādá al-Ūlá 876 [1471], see Sakhāwī, al-Ḍawʼ al-lāmiʻ, ed. 1934, vol. 8, p. 172), Shams al-Dīn Muḥammad ibn Zayn al-Dīn ʻAbd al-Raḥmān al-Sakhāwī (d. Shaʻbān 902 [1497]), dated Ramaḍān 852(?) [1448] (fol. 1a).</subfield>
   </datafield>
   <datafield ind1=" " ind2=" " tag="500">
      <subfield code="a">29 lines per page. Written in medium small casual naskh in black ink with use of red for headings. Light cream paper with laid and chain lines visible. Marginal annotations (mostly collation notes by the same hand as the main text). The text of the reading statement (samāʻ note) is inlaid in the firt fol. Fol. 2-3 are blank, frame-ruled. Two spine labels with blue border, reading respectively "Tahdhīb al-Tahdhīb lil-ʻAsqalānī" in Arabic script and "164" in Arabic and Roman script. Lacunae after fol. 304, 312, 321.</subfield>
   </datafield>
   <datafield ind1=" " ind2=" " tag="500">
      <subfield code="a">Origin: Copy completed by Muḥammad ibn ʻAlī ibn Jaʻfar ibn Mukhtār al-shahīr bi-Ibn Qamar al-Ḥusaynī al-Shāfiʻī (see description note), on a Wednesday at the end of Shaʻbān 835 [April 1432] (colophon, fol. 327a).</subfield>
   </datafield>
   <datafield ind1=" " ind2=" " tag="500">
      <subfield code="a">Collation: Paper, fol. 327 ; iii (fol. 1-3) 1-30¹⁰ 31¹⁰ (-1, after fol. 312, apparently with loss of text) 32¹⁰ (-1, after fol. 321, apparently with loss of text) 33⁶ ; catchword on the verso of each leaf.</subfield>
   </datafield>
   <datafield ind1=" " ind2=" " tag="561">
      <subfield code="a">Acquired by Robert Garrett from Mūrad Bey Bārūdī, Beirut, 1925.</subfield>
   </datafield>
   <datafield ind1=" " ind2=" " tag="563">
      <subfield code="a">Modern binding consisting of cloth over cardboards for upper and lower covers, fore-edge flap and envelope flap. Mauve paper pastedown and free endpaper.</subfield>
   </datafield>
   <datafield ind1="4" ind2=" " tag="510">
      <subfield code="a">Hitti, P. Garrett coll.,</subfield>
      <subfield code="c">687</subfield>
   </datafield>
   <datafield ind1="4" ind2=" " tag="510">
      <subfield code="a">Brockelmann, C. GAL,</subfield>
      <subfield code="c">SI, 606 ; II, 68 (13/3) ; SII, 73/3</subfield>
   </datafield>
   <datafield ind1=" " ind2=" " tag="541">
      <subfield code="c">Gift ;</subfield>
      <subfield code="a">Robert Garrett, Class of 1897 ;</subfield>
      <subfield code="d">1942.</subfield>
   </datafield>
   <datafield ind1="1" ind2="0" tag="600">
      <subfield code="6">880-04</subfield>
      <subfield code="a">Mizzī, Yūsuf ibn al-Zakī ʻAbd al-Raḥmān,</subfield>
      <subfield code="d">1256-1341.</subfield>
      <subfield code="t">Tahdhīb al-Kamāl fī asmāʼ al-rijāl.</subfield>
   </datafield>
   <datafield ind1=" " ind2="0" tag="650">
      <subfield code="a">Hadith</subfield>
      <subfield code="x">Authorities</subfield>
      <subfield code="x">Dictionaries</subfield>
      <subfield code="v">Early works to 1800.</subfield>
   </datafield>
   <datafield ind1=" " ind2="0" tag="650">
      <subfield code="a">Muslim scholars</subfield>
      <subfield code="x">Biography</subfield>
      <subfield code="x">Dictionaries</subfield>
      <subfield code="v">Early works to 1800.</subfield>
   </datafield>
   <datafield ind1=" " ind2="0" tag="651">
      <subfield code="a">Cairo (Egypt)</subfield>
      <subfield code="x">Intellectual life</subfield>
      <subfield code="x">History</subfield>
      <subfield code="y">15th century</subfield>
      <subfield code="v">Sources.</subfield>
   </datafield>
   <datafield ind1=" " ind2="0" tag="650">
      <subfield code="a">Muslim scholars</subfield>
      <subfield code="z">Egypt</subfield>
      <subfield code="z">Cairo</subfield>
      <subfield code="x">History</subfield>
      <subfield code="y">15th century</subfield>
      <subfield code="v">Sources.</subfield>
   </datafield>
   <datafield ind1=" " ind2="0" tag="650">
      <subfield code="a">Manuscripts, Arabic</subfield>
      <subfield code="z">New Jersey</subfield>
      <subfield code="z">Princeton.</subfield>
   </datafield>
   <datafield ind1=" " ind2="7" tag="655">
      <subfield code="a">Manuscripts, Arabic</subfield>
      <subfield code="y">15th century.</subfield>
      <subfield code="2">lcsh</subfield>
   </datafield>
   <datafield ind1=" " ind2="7" tag="655">
      <subfield code="a">Manuscripts, Arabic</subfield>
      <subfield code="z">Egypt</subfield>
      <subfield code="z">Cairo</subfield>
      <subfield code="y">15th century.</subfield>
      <subfield code="2">lcsh</subfield>
   </datafield>
   <datafield ind1="1" ind2=" " tag="700">
      <subfield code="6">880-05</subfield>
      <subfield code="a">Sakhāwī, Muḥammad ibn ʻAbd al-Raḥmān,</subfield>
      <subfield code="d">1427 or 8-1497,</subfield>
      <subfield code="e">reader.</subfield>
   </datafield>
   <datafield ind1="1" ind2=" " tag="700">
      <subfield code="6">880-06</subfield>
      <subfield code="a">Ibn Ḥajar al-ʻAsqalānī, Aḥmad ibn ʻAlī,</subfield>
      <subfield code="d">1372-1449,</subfield>
      <subfield code="e">witness of reading statement.</subfield>
   </datafield>
   <datafield ind1="1" ind2=" " tag="880">
      <subfield code="6">100-01/r</subfield>
      <subfield code="a">ابن حجر العسقلاني، احمد بن علي</subfield>
   </datafield>
   <datafield ind1="1" ind2="0" tag="880">
      <subfield code="6">240-02/r</subfield>
      <subfield code="a">تهذيب التهذيب</subfield>
   </datafield>
   <datafield ind1="1" ind2="0" tag="880">
      <subfield code="6">245-03/r</subfield>
      <subfield code="a">كتاب تهذيب التهذيب /</subfield>
      <subfield code="c">لسيدنا ومولانا وشيخنا حافظ العصر شيخ الاسلام قادي القضاه بقية المجتهدين الاعلام ابي الفضل احمد شهاب الملة والدين ابن الشيخ الامام العلامة وال... الفهامة مفتي المسلين ابي الحسن علي العسقلاني الشهير بابن حجر</subfield>
   </datafield>
   <datafield ind1=" " ind2=" " tag="880">
      <subfield code="6">500-00/r</subfield>
      <subfield code="a">Beginning as extant: لضيعه له وقال ابو حاتم كان يطير النفسالى(؟) فى الصدر ... احمد بن عبد الواحد بن وافد التميمى المعروف بابن عبود الدمشقى</subfield>
   </datafield>
   <datafield ind1=" " ind2=" " tag="880">
      <subfield code="6">500-00/r</subfield>
      <subfield code="a">Explicit: ارواح النبى صلى الله عليه وسلم ان يدخل عليهن احد -لك الرضاعةاخر الكتاب والحمد لله ... قال شيخنا حافظ العصر ... قال مولفه يعنى مولف الاصل فرغت منه ... سنة اثنتى عشرة وسبعماية واقام فى عمله ثمان سنين ... وكان الفراغ من اختصاره يوم الاربعا تاسع جمادى الاخرة سنة ثمان وثمان ماية على يد مختصره احمد بن على بن محمد بن محمد بن على العسقلانى الاصل ثم المصرى الشافعى المذهب عفا الله عنه والحمد لله حمدا كثيرا كما ينبغى ... والصلاة والسلام ... الى يوم الدين وحسبنا الله ونعم الوكيل</subfield>
   </datafield>
   <datafield ind1="1" ind2="0" tag="880">
      <subfield code="6">600-04/r</subfield>
      <subfield code="a">مزي، يوسف بن الزكي عبد الرحمن</subfield>
      <subfield code="t">تهذيب الكمال في اسماء الرجال</subfield>
   </datafield>
   <datafield ind1="1" ind2=" " tag="880">
      <subfield code="6">700-05/r</subfield>
      <subfield code="a">سخاوي، محمد بن عبد الرحمن</subfield>
   </datafield>
   <datafield ind1="1" ind2=" " tag="880">
      <subfield code="6">700-06/r</subfield>
      <subfield code="a">ابن حجر العسقلاني، احمد بن علي</subfield>
   </datafield>
   <datafield ind1="4" ind2="1" tag="856">
      <subfield code="u">http://arks.princeton.edu/ark:/88435/kw52j812t</subfield>
   </datafield>
</record>