<record xmlns="http://www.loc.gov/MARC21/slim" xmlns:xsi="http://www.w3.org/2001/XMLSchema-instance">
   <leader>02331ctm a2200433Ia 4500</leader>
   <controlfield tag="001">5312504</controlfield>
   <controlfield tag="005">20111122103931.0</controlfield>
   <controlfield tag="008">071102s1194    xx            000 0 ara d</controlfield>
   <datafield ind1=" " ind2=" " tag="035">
      <subfield code="a">(OCoLC)ocn180204095</subfield>
   </datafield>
   <datafield ind1=" " ind2=" " tag="040">
      <subfield code="a">PUL</subfield>
      <subfield code="c">PUL</subfield>
      <subfield code="e">amremm</subfield>
   </datafield>
   <datafield ind1=" " ind2=" " tag="066">
      <subfield code="c">(3</subfield>
   </datafield>
   <datafield ind1=" " ind2=" " tag="035">
      <subfield code="a">(OCoLC)180204095</subfield>
   </datafield>
   <datafield ind1=" " ind2=" " tag="043">
      <subfield code="a">n-us-nj</subfield>
   </datafield>
   <datafield ind1=" " ind2=" " tag="049">
      <subfield code="a">PULL</subfield>
   </datafield>
   <datafield ind1="1" ind2=" " tag="100">
      <subfield code="6">880-01</subfield>
      <subfield code="a">Khāzin, Muḥammad ibn al-Ḥasan,</subfield>
      <subfield code="d">fl. 1030.</subfield>
   </datafield>
   <datafield ind1="1" ind2="0" tag="245">
      <subfield code="6">880-02</subfield>
      <subfield code="a">Kitāb al-Ṭīb. Kitāb Yūḥannā Ibn Māsawayh fī jawāhir al-ṭīb al-mufradah bi-asmāʾihā wa-ṣifātihā wa-maʻādinihā.</subfield>
   </datafield>
   <datafield ind1="1" ind2=" " tag="246">
      <subfield code="6">880-03</subfield>
      <subfield code="i">Title in Hitti, P. Garrett coll.:</subfield>
      <subfield code="a">Majmūʻah</subfield>
   </datafield>
   <datafield ind1=" " ind2=" " tag="260">
      <subfield code="c">[1194]</subfield>
   </datafield>
   <datafield ind1=" " ind2=" " tag="300">
      <subfield code="a">26 leaves:</subfield>
      <subfield code="b">paper ;</subfield>
      <subfield code="c">170 x 125 (125 x 85) mm. bound to 175 x 130 mm.</subfield>
   </datafield>
   <datafield ind1=" " ind2=" " tag="500">
      <subfield code="a">Ms. codex.</subfield>
   </datafield>
   <datafield ind1=" " ind2=" " tag="500">
      <subfield code="a">Title provided by cataloger.</subfield>
   </datafield>
   <datafield ind1="8" ind2=" " tag="520">
      <subfield code="a">Collection of two treatises on aromatic substances. Incomplete at end and beginning.</subfield>
   </datafield>
   <datafield ind1=" " ind2=" " tag="500">
      <subfield code="a">Physical description: 13 lines per page. Written in medium large naskh in black ink (faded to brown). Thick soft dark cream paper with chain lines and pulp visible. The edges of the paper are not trimmed. Stained with dampness. Mildewed.</subfield>
   </datafield>
   <datafield ind1="0" ind2=" " tag="505">
      <subfield code="a">1. fol. 1a-12b: Kitāb al-Ṭīb / li-Abī al-Ḥasan al-Khāzin.</subfield>
   </datafield>
   <datafield ind1="8" ind2=" " tag="505">
      <subfield code="a">2. fol. 13a-26b: Kitāb Yūḥannā Ibn Māsawayh fī jawāhir al-ṭīb al-mufradah bi-asmāʾihā wa-ṣifātihā wa-maʻādinihā / Ibn Māsawayh.</subfield>
   </datafield>
   <datafield ind1=" " ind2=" " tag="500">
      <subfield code="a">Origin: According to colophon of first text, this was copied on Monday 10 Rabīʻ al-Ākhar 590 [April 4, 1194] (fol. 12a).</subfield>
   </datafield>
   <datafield ind1=" " ind2=" " tag="561">
      <subfield code="a">Acquired from Murād Bey al-Bārūdī (Beirut), 1925.</subfield>
   </datafield>
   <datafield ind1=" " ind2=" " tag="563">
      <subfield code="a">Blue cardboard.</subfield>
   </datafield>
   <datafield ind1="4" ind2=" " tag="510">
      <subfield code="a">Hitti, P. Garrett coll.,</subfield>
      <subfield code="c">2154</subfield>
   </datafield>
   <datafield ind1=" " ind2=" " tag="541">
      <subfield code="c">Gift ;</subfield>
      <subfield code="a">Robert Garrett, Class of 1897 ;</subfield>
      <subfield code="d">1942.</subfield>
   </datafield>
   <datafield ind1=" " ind2="0" tag="650">
      <subfield code="a">Manuscripts, Arabic</subfield>
      <subfield code="z">New Jersey</subfield>
      <subfield code="z">Princeton.</subfield>
   </datafield>
   <datafield ind1=" " ind2="7" tag="655">
      <subfield code="a">Manuscripts, Arabic</subfield>
      <subfield code="y">12th century.</subfield>
      <subfield code="2">lcsh</subfield>
   </datafield>
   <datafield ind1="1" ind2="8" tag="774">
      <subfield code="w">5312505</subfield>
   </datafield>
   <datafield ind1="1" ind2="8" tag="774">
      <subfield code="w">5312507</subfield>
   </datafield>
   <datafield ind1="1" ind2=" " tag="880">
      <subfield code="6">100-01/(3/r</subfield>
      <subfield code="a">خازن، محمد بن الحسن</subfield>
   </datafield>
   <datafield ind1="1" ind2="0" tag="880">
      <subfield code="6">245-02/(3/r</subfield>
      <subfield code="a">كتاب الطيب. كتاب يوحنا ابن ماسويه في جواهر الطيب المفردة باسمائها وصفاتها ومعادنها</subfield>
   </datafield>
   <datafield ind1="1" ind2=" " tag="880">
      <subfield code="6">246-03/(3/r</subfield>
      <subfield code="a">مجموعة</subfield>
   </datafield>
   <datafield ind1="4" ind2="1" tag="856">
      <subfield code="u">http://arks.princeton.edu/ark:/88435/g445cd200</subfield>
   </datafield>
</record>