<record xmlns="http://www.loc.gov/MARC21/slim" xmlns:xsi="http://www.w3.org/2001/XMLSchema-instance">
   <leader>02838ctm a2200397Ia 4500</leader>
   <controlfield tag="001">4730229</controlfield>
   <controlfield tag="005">20111122104359.0</controlfield>
   <controlfield tag="008">060517s1486    xx            000 0 ara d</controlfield>
   <datafield ind1=" " ind2=" " tag="035">
      <subfield code="a">(OCoLC)ocm68933932</subfield>
   </datafield>
   <datafield ind1=" " ind2=" " tag="040">
      <subfield code="a">PUL</subfield>
      <subfield code="c">PUL</subfield>
      <subfield code="e">amremm</subfield>
   </datafield>
   <datafield ind1=" " ind2=" " tag="043">
      <subfield code="a">n-us-nj</subfield>
   </datafield>
   <datafield ind1=" " ind2=" " tag="049">
      <subfield code="a">PULL</subfield>
   </datafield>
   <datafield ind1="0" ind2=" " tag="100">
      <subfield code="a">Avicenna,</subfield>
      <subfield code="d">980-1037.</subfield>
   </datafield>
   <datafield ind1="1" ind2="0" tag="245">
      <subfield code="6">880-01</subfield>
      <subfield code="a">Kitāb khulāṣat al-taʻbīr /</subfield>
      <subfield code="c">min taṣānīf al-Shaykh al-raʾīs ... Abī ʻAlī ibn ʻAbd Allāh ibn Sīnā.</subfield>
   </datafield>
   <datafield ind1="3" ind2="0" tag="246">
      <subfield code="a">Khulāṣat al-taʻbīr</subfield>
   </datafield>
   <datafield ind1=" " ind2=" " tag="260">
      <subfield code="c">[1486 or 1487]</subfield>
   </datafield>
   <datafield ind1=" " ind2=" " tag="300">
      <subfield code="a">96 leaves :</subfield>
      <subfield code="b">paper ;</subfield>
      <subfield code="c">127 x 90 (78 x 50) mm. bound to 132 x 98 mm.</subfield>
   </datafield>
   <datafield ind1=" " ind2=" " tag="500">
      <subfield code="a">Ms. codex.</subfield>
   </datafield>
   <datafield ind1=" " ind2=" " tag="500">
      <subfield code="a">Title from title page (fol. 2a).</subfield>
   </datafield>
   <datafield ind1="8" ind2=" " tag="520">
      <subfield code="a">Defective copy of a treatise on the interpretation of dreams attributed to Avicenna.</subfield>
   </datafield>
   <datafield ind1=" " ind2=" " tag="500">
      <subfield code="a">15 lines per page. Written in black ink with use of red for headings. Dark cream paper with laid lines visible. Short text in Persian on fol. 92b. Fāʾidah in Arabic on fol. 94b. Inscriptions in Persian and Arabic on fol. 1a-b and 91b. Inscription on fol. 96b. Ownership statements and seals on fol. 2a and 91a. Three first leaves defective. Leaves missing between fol. 9 and 10, between fol. 67 and 68, and between fol. 76 and 77.</subfield>
   </datafield>
   <datafield ind1=" " ind2=" " tag="500">
      <subfield code="a">Copied in 892 by Isḥāq ibn Muslim al-Ṭālibī (colophon, fol. 91a).</subfield>
   </datafield>
   <datafield ind1=" " ind2=" " tag="561">
      <subfield code="a">Acquired from Brill, Leyden, 1925, from the books of Murād Bey Bārūdī (Beirut).</subfield>
   </datafield>
   <datafield ind1=" " ind2=" " tag="563">
      <subfield code="a">Upper and lower covers and envelope flap made of red leather over paper pasteboard. The covers are similarly tooled with a central gold-painted mandorla linked to the outer frame by a vertical blind-tooled fillet. The envelope flap has a blind tooled outer frame similar to that on the covers.</subfield>
   </datafield>
   <datafield ind1="4" ind2=" " tag="510">
      <subfield code="a">Hitti, P. Garrett coll.,</subfield>
      <subfield code="c">930</subfield>
   </datafield>
   <datafield ind1=" " ind2=" " tag="541">
      <subfield code="c">Gift ;</subfield>
      <subfield code="a">Robert Garrett, Class of 1897 ;</subfield>
      <subfield code="d">1942.</subfield>
   </datafield>
   <datafield ind1=" " ind2="0" tag="650">
      <subfield code="a">Dream interpretation</subfield>
      <subfield code="x">Religious aspects</subfield>
      <subfield code="x">Islam</subfield>
      <subfield code="v">Early works to 1800.</subfield>
   </datafield>
   <datafield ind1=" " ind2="0" tag="650">
      <subfield code="a">Islamic philosophy</subfield>
      <subfield code="v">Early works to 1800.</subfield>
   </datafield>
   <datafield ind1=" " ind2="0" tag="650">
      <subfield code="a">Islamic occultism</subfield>
      <subfield code="v">Early works to 1800.</subfield>
   </datafield>
   <datafield ind1=" " ind2="0" tag="650">
      <subfield code="a">Manuscripts, Arabic</subfield>
      <subfield code="z">New Jersey</subfield>
      <subfield code="z">Princeton.</subfield>
   </datafield>
   <datafield ind1=" " ind2="7" tag="655">
      <subfield code="a">Manuscripts, Arabic</subfield>
      <subfield code="y">15th century.</subfield>
      <subfield code="2">lcsh</subfield>
   </datafield>
   <datafield ind1="1" ind2="0" tag="880">
      <subfield code="6">245-01//r</subfield>
      <subfield code="a">كتاب خلاصة التعبير /</subfield>
      <subfield code="c">من تصانيف الشيخ الرئيس ... ابي علي بن عبد الله بن سينا</subfield>
   </datafield>
   <datafield ind1=" " ind2=" " tag="880">
      <subfield code="6">500-00//r</subfield>
      <subfield code="a">Incipit: بسم ... وبه الثقة وعليه التوكل قال ... ابو علي بن عبد الله بن سينا ... الغريزات الاودية التي استمدت الأمواه من العيون</subfield>
   </datafield>
   <datafield ind1=" " ind2=" " tag="880">
      <subfield code="6">500-00//r</subfield>
      <subfield code="a">Explicit: بيكون عونا لمن يريد استخراج الرويا الغريبة الحقيقة بتوسطها واد قد وفينا بما وعدنا</subfield>
   </datafield>
   <datafield ind1="4" ind2="1" tag="856">
      <subfield code="u">http://arks.princeton.edu/ark:/88435/bc386j289</subfield>
   </datafield>
</record>