<record xmlns="http://www.loc.gov/MARC21/slim" xmlns:xsi="http://www.w3.org/2001/XMLSchema-instance">
   <leader>06677ctmaa2200553Ia 4500</leader>
   <controlfield tag="001">5320812</controlfield>
   <controlfield tag="005">20120530100441.0</controlfield>
   <controlfield tag="008">071116s1345    iq            000 0 ara d</controlfield>
   <datafield ind1=" " ind2=" " tag="035">
      <subfield code="a">(OCoLC)ocn181372341</subfield>
   </datafield>
   <datafield ind1=" " ind2=" " tag="040">
      <subfield code="a">PUL</subfield>
      <subfield code="e">amremm</subfield>
      <subfield code="b">eng</subfield>
      <subfield code="c">PUL</subfield>
      <subfield code="d">PUL</subfield>
      <subfield code="d">OCLCQ</subfield>
      <subfield code="d">PUL</subfield>
   </datafield>
   <datafield ind1=" " ind2=" " tag="066">
      <subfield code="c">(3</subfield>
   </datafield>
   <datafield ind1=" " ind2=" " tag="035">
      <subfield code="a">(OCoLC)181372341</subfield>
   </datafield>
   <datafield ind1=" " ind2=" " tag="043">
      <subfield code="a">n-us-nj</subfield>
      <subfield code="a">a-iq---</subfield>
   </datafield>
   <datafield ind1="1" ind2=" " tag="100">
      <subfield code="6">880-01</subfield>
      <subfield code="a">ʻAbd al-Razzāq al-Qāshānī,</subfield>
      <subfield code="d">d. 1330?</subfield>
   </datafield>
   <datafield ind1="1" ind2="0" tag="245">
      <subfield code="6">880-02</subfield>
      <subfield code="a">Kitāb al-akhlāq al-musammá bi-Tazkiyat al-arwāḥ ʻan mawāniʻ al-aflāḥ /</subfield>
      <subfield code="c">lil-Shaykh al-imām al-ʻālim al-fāḍil Abī al-Ghanāʾim ʻAbd al-razzāq al-Sijistānī.</subfield>
   </datafield>
   <datafield ind1="1" ind2=" " tag="246">
      <subfield code="6">880-03</subfield>
      <subfield code="i">Title in preamble (fol. 5a, l. 7):</subfield>
      <subfield code="a">Tazkiyat al-arwāḥ ʻan mawāniʻ al-aflāḥ</subfield>
   </datafield>
   <datafield ind1="1" ind2=" " tag="246">
      <subfield code="6">880-04</subfield>
      <subfield code="i">Title from inscription on fol. 1a and tail of text block:</subfield>
      <subfield code="a">Tazkiyat al-arwāḥ lil-Sijistānī</subfield>
   </datafield>
   <datafield ind1=" " ind2=" " tag="260">
      <subfield code="a">Irbil,</subfield>
      <subfield code="c">[1345 or 1346]</subfield>
   </datafield>
   <datafield ind1=" " ind2=" " tag="300">
      <subfield code="a">i, 113, i leaves :</subfield>
      <subfield code="b">paper ;</subfield>
      <subfield code="c">145 x 110 (105 x 75) mm. bound to 145 x 115 mm.</subfield>
   </datafield>
   <datafield ind1=" " ind2=" " tag="500">
      <subfield code="a">Ms. codex.</subfield>
   </datafield>
   <datafield ind1=" " ind2=" " tag="500">
      <subfield code="a">Title from fol. 2a.</subfield>
   </datafield>
   <datafield ind1="8" ind2=" " tag="520">
      <subfield code="a">Careful copy of a treatise on ethics (ʻilm al-akhlāq), based on Naṣīr al-Dīn al-Ṭūsī (see fol. 4, l. 5), comprising an introduction, three maqālāt, and a khātimah (see fol. 5a, l. 8), discussing the various kinds of vice and the way to avoid them, together with a discussion of the various virtues to be attained. Name of author supplied according to GAL (not mentioned in Kashf al-ẓunūn).</subfield>
   </datafield>
   <datafield ind1=" " ind2=" " tag="500">
      <subfield code="a">Physical description: 13 lines per page. Written in medium small naskh in black ink (faded to brown), with use of red for headings, re-inking, and text-stops. Some words are re-written by a later hand in black ink. Diagram on fol. 77a. Soft cream paper, hardly translucid, with pulp visible ; laid lines visible on some leaves. Fol. 1 and 113 are later additions. Occasional marginal annotations by a later hand. The text has been collated. Inscriptions on fol. 112b-113b. Wear, some leaves hardly legible.</subfield>
   </datafield>
   <datafield ind1=" " ind2=" " tag="500">
      <subfield code="a">Origin: According to colophon, copied for himself by Aḥmad ibn ʻAbd al-Raḥmān ibn ʻAbd al-Qāhir ibn ʻAbd al-Raḥmān ibn al-Ḥasan ibn al-Shahrazūrī in Irbil, 746 H. (fol. 112a). Collation statement in the name of ʻAbd al-Salām Ibn Shaṭṭī ... al-Ḥanbalī al-Qādirī, in the Jāmiʻ al-Umawī on fol. 113b.</subfield>
   </datafield>
   <datafield ind1=" " ind2=" " tag="561">
      <subfield code="a">Several ownership statements on fol. 2a, in the name of Abū Bakr ibn Rustam al-Shirwānī (repeated); of Muḥammad ibn Isḥāq ibn Aḥmad al-Abarqūhī, dated Damascus, Jumādá al---? -68 (see al-Dawʾ al-lāmiʻ, vol. 7, p. 132, no. 316) ; of Muḥammad al-Ḥbātī , dated Jumādá II 48 ; of Aḥmad ibn ʻAbd al-Raḥmān al-Shahrazūrī ; of ʻAbd al-Salām Ibn al-marḥūm al-shaykh ʻAbd al-Raḥmān Ibn al-marḥūm al-shaykh Muṣṭafá Ibn al-marḥūm al-shaykh Maḥmūd al-Shaṭṭī al-Ḥanbalī al-Qādirī al-Dimashqī, dated 1280 H. [1863 or 4] ; impression of a large oval stamp in the name of Muḥammad al-Ḥusaynī Ibn al-ʻAṭṭār , "khādim al-fiqh wa-al-āthār", dated 1200 H. Several ownership statements on fol. 1a: one in the name of Muḥammad ibn Saʻīd al-Nawawī ; one partially erased in the name of Muḥammad Ṣādiq ---?, dated 126 8 H. Acquired by Robert Garrett from the books of Murād Bey al-Bārūdī, Beirut, 1925.</subfield>
   </datafield>
   <datafield ind1=" " ind2=" " tag="561">
      <subfield code="a">Brown paper over paper pasteboards for upper and lower covers. Blind stamped central mandorla and outer border consisting of fillets.</subfield>
   </datafield>
   <datafield ind1="4" ind2=" " tag="510">
      <subfield code="a">Hitti, P. Garrett coll.,</subfield>
      <subfield code="c">1936</subfield>
   </datafield>
   <datafield ind1="4" ind2=" " tag="510">
      <subfield code="a">Brockelmann, C. GAL,</subfield>
      <subfield code="c">SII, 281/17 ; SN II, 281/17</subfield>
   </datafield>
   <datafield ind1="4" ind2=" " tag="510">
      <subfield code="a">Kâtip Çelebi. Kashf al-ẓunūn (ed. Fluegel),</subfield>
      <subfield code="c">vol. II, p. 286</subfield>
   </datafield>
   <datafield ind1=" " ind2=" " tag="541">
      <subfield code="c">Gift ;</subfield>
      <subfield code="a">Robert Garrett, Class of 1897 ;</subfield>
      <subfield code="d">1942.</subfield>
   </datafield>
   <datafield ind1=" " ind2=" " tag="561">
      <subfield code="a">Several ownership statements on fol. 2a, in the name of Abū Bakr ibn Rustam al-Shirwānī(?) (repeated); of Muḥammad ibn Isḥāq ibn Aḥmad al-Abarqūhī, dated Damascus, Jumādá al---? -68 (see al-Dawʾ al-lāmiʻ, vol. 7, p. 132, no. 316) ; of Muḥammad al-Ḥbātī(?), dated Jumādá II 48 ; of Aḥmad ibn ʻAbd al-Raḥmān al-Shahrazūrī ; of ʻAbd al-Salām Ibn al-marḥūm al-shaykh ʻAbd al-Raḥmān Ibn al-marḥūm al-shaykh Muṣṭafá Ibn al-marḥūm al-shaykh Maḥmūd al-Shaṭṭī al-Ḥanbalī al-Qādirī al-Dimashqī, dated 1280 H. [1863 or 4] ; impression of a large oval stamp in the name of Muḥammad al-Ḥusaynī Ibn al-ʻAṭṭār(?), "khādim al-fiqh wa-al-āthār", dated 1200 H. Several ownership statements on fol. 1a: one in the name of Muḥammad ibn Saʻīd al-Nawawī ; one partially erased in the name of Muḥammad Ṣādiq ---?, dated 126(?)8 H. Acquired by Robert Garrett from the books of Murād Bey al-Bārūdī, Beirut, 1925.</subfield>
   </datafield>
   <datafield ind1=" " ind2="0" tag="650">
      <subfield code="a">Islamic ethics</subfield>
      <subfield code="x">History</subfield>
      <subfield code="y">14th century</subfield>
      <subfield code="v">Sources.</subfield>
   </datafield>
   <datafield ind1=" " ind2="0" tag="650">
      <subfield code="a">Islamic philosophy</subfield>
      <subfield code="x">Ethics</subfield>
      <subfield code="x">History</subfield>
      <subfield code="y">14th century</subfield>
      <subfield code="v">Sources.</subfield>
   </datafield>
   <datafield ind1=" " ind2="0" tag="650">
      <subfield code="a">Manuscripts, Arabic</subfield>
      <subfield code="z">New Jersey</subfield>
      <subfield code="z">Princeton.</subfield>
   </datafield>
   <datafield ind1=" " ind2="7" tag="655">
      <subfield code="a">Manuscripts, Arabic</subfield>
      <subfield code="y">14th century.</subfield>
      <subfield code="2">lcsh</subfield>
   </datafield>
   <datafield ind1=" " ind2="7" tag="655">
      <subfield code="a">Manuscripts, Arabic</subfield>
      <subfield code="z">Iraq</subfield>
      <subfield code="z">Irbil</subfield>
      <subfield code="y">14th century.</subfield>
      <subfield code="2">lcsh</subfield>
   </datafield>
   <datafield ind1="1" ind2=" " tag="700">
      <subfield code="6">880-05</subfield>
      <subfield code="a">Sijistānī, ʻAbd al-Razzāq Abū al-Ghanāʾim.</subfield>
   </datafield>
   <datafield ind1="1" ind2=" " tag="700">
      <subfield code="6">880-06</subfield>
      <subfield code="a">Shaṭṭī, ʻAbd al-Salām,</subfield>
      <subfield code="e">former owner.</subfield>
   </datafield>
   <datafield ind1="1" ind2=" " tag="880">
      <subfield code="6">100-01/(3/r</subfield>
      <subfield code="a">عبد الرزاق القاشاني</subfield>
   </datafield>
   <datafield ind1="1" ind2="0" tag="880">
      <subfield code="6">245-02/(3/r</subfield>
      <subfield code="a">كتاب الاخلاق المسمى بتزكية الارواح عن موانع الافلاح /</subfield>
      <subfield code="c">للشيخ الامام العالم الفاضل ابي الغنائم عبد الرزاق السجستاني</subfield>
   </datafield>
   <datafield ind1="1" ind2=" " tag="880">
      <subfield code="6">246-03/(3/r</subfield>
      <subfield code="a">تزكية الارواح عن موانع الافلاح</subfield>
   </datafield>
   <datafield ind1="1" ind2=" " tag="880">
      <subfield code="6">246-04/(3/r</subfield>
      <subfield code="a">تزكية الارواح للسجستاني</subfield>
   </datafield>
   <datafield ind1=" " ind2=" " tag="880">
      <subfield code="6">500-00/(3/r</subfield>
      <subfield code="a">Incipit: الهم لك الحمد(؟) على ---؟ من ذاتك ومن كل من خصصت بالتبيين لانك انت الملك الحق المبين الباعث لنا منك اليك والمعين ... [3ب] وبعد فاني طالما تشوقت الى ارتقاء مدارج الملكوت واعتلا معارج الجبروت</subfield>
   </datafield>
   <datafield ind1=" " ind2=" " tag="880">
      <subfield code="6">500-00/(3/r</subfield>
      <subfield code="a">Explicit: ويقرآ سبحانه بلسان ديموميته وينشى عن سلطان [---] ان قيموميته كل من عليها فان ويبقى وجهك [---] الجلالة والاكرام والحمد لله رب العالمين</subfield>
   </datafield>
   <datafield ind1="1" ind2="2" tag="880">
      <subfield code="6">700-05/(3/r</subfield>
      <subfield code="a">سجستاني، عبد الرزاق ابو الغنائم</subfield>
   </datafield>
   <datafield ind1="1" ind2="2" tag="880">
      <subfield code="6">700-06/(3/r</subfield>
      <subfield code="a">شطي، عبد السلام</subfield>
   </datafield>
   <datafield ind1="4" ind2="1" tag="856">
      <subfield code="u">http://arks.princeton.edu/ark:/88435/2v23vt44p</subfield>
   </datafield>
</record>