<record xmlns="http://www.loc.gov/MARC21/slim" xmlns:xsi="http://www.w3.org/2001/XMLSchema-instance">
   <leader>02808ctm a2200481Ia 4500</leader>
   <controlfield tag="001">4782613</controlfield>
   <controlfield tag="005">20120531135545.0</controlfield>
   <controlfield tag="008">060619q14uu15uuxx            000 0 ara d</controlfield>
   <datafield ind1=" " ind2=" " tag="035">
      <subfield code="a">(OCoLC)ocm70133838</subfield>
   </datafield>
   <datafield ind1=" " ind2=" " tag="040">
      <subfield code="a">PUL</subfield>
      <subfield code="c">PUL</subfield>
      <subfield code="e">amremm</subfield>
   </datafield>
   <datafield ind1=" " ind2=" " tag="043">
      <subfield code="a">n-us-nj</subfield>
   </datafield>
   <datafield ind1=" " ind2=" " tag="049">
      <subfield code="a">PULL</subfield>
   </datafield>
   <datafield ind1="1" ind2=" " tag="100">
      <subfield code="6">880-01</subfield>
      <subfield code="a">Ibn Qāḍī ʻAjlūn, Abū Bakr ibn ʻAbd Allāh,</subfield>
      <subfield code="d">1437 or 8-1521 or 2.</subfield>
   </datafield>
   <datafield ind1="1" ind2="0" tag="245">
      <subfield code="a">Kitāb mukhtaṣār Taṣḥīḥ Ghāyat al-ikhtiṣār ... [etc.].</subfield>
   </datafield>
   <datafield ind1=" " ind2=" " tag="260">
      <subfield code="c">[between 14--? and 15--?]</subfield>
   </datafield>
   <datafield ind1=" " ind2=" " tag="300">
      <subfield code="a">35 leaves :</subfield>
      <subfield code="b">paper ;</subfield>
      <subfield code="c">172 x 128 (135 x 90) mm.</subfield>
   </datafield>
   <datafield ind1=" " ind2=" " tag="500">
      <subfield code="a">Ms. codex.</subfield>
   </datafield>
   <datafield ind1=" " ind2=" " tag="506">
      <subfield code="a">Material extremely fragile;</subfield>
      <subfield code="c">readers should ask curator's permission.</subfield>
   </datafield>
   <datafield ind1=" " ind2=" " tag="500">
      <subfield code="a">Title provided by cataloger.</subfield>
   </datafield>
   <datafield ind1="8" ind2=" " tag="520">
      <subfield code="a">Collection of texts on various topics (ḥadīths, Islamic law, lexicography, etc.)</subfield>
   </datafield>
   <datafield ind1=" " ind2=" " tag="500">
      <subfield code="a">Light cream glazed paper with laid lines and chain lines (grouped by three?) visible. Catchword on the verso of each leaf. Severe worm damage.</subfield>
   </datafield>
   <datafield ind1=" " ind2=" " tag="500">
      <subfield code="a">According to the colophons, text 2 copied on 11 Rajab 911 (fol. 20b) and text 6 copied on 15 Shaʻbān 850 (fol. 35a).</subfield>
   </datafield>
   <datafield ind1=" " ind2=" " tag="561">
      <subfield code="a">Waqf statement on fol. 1a. Ownership statement on fol. 31a. Acquired from Abraham Shalom Yahuda, 1942.</subfield>
   </datafield>
   <datafield ind1="0" ind2=" " tag="505">
      <subfield code="a">1. fol. 1a-8b: al-Juzʼ al-thālith min al-fawāʼid al-muntaqāh al-gharāʼib ʻan al-shuyūkh al-ʻawālī min ḥadīth Abī ʻAbd Allāh Aḥmad ibn al-Ḥasan ibn ʻAbd al-Jabbār al-Ṣūfī.</subfield>
   </datafield>
   <datafield ind1="8" ind2=" " tag="505">
      <subfield code="a">2. fol. 9a-20b: Kitāb mukhtaṣār Taṣḥīḥ Ghāyat al-ikhtiṣār / Abū Bakr ibn Qāḍī ʻAjlūn.</subfield>
   </datafield>
   <datafield ind1="8" ind2=" " tag="505">
      <subfield code="a">3. fol. 21b-22a: [List of names of God (al-asmāʼ al-ḥusná)].</subfield>
   </datafield>
   <datafield ind1="8" ind2=" " tag="505">
      <subfield code="a">4. fol. 23a-28b: Istidʻā mubārak / [Zayn?] al-Dīn Abū al-Faraj ibn Abī Bakr ibn al-Ḥusayn al-ʻUthmānī al-Shāfiʻī al-Marāghī (see fol. 28b).</subfield>
   </datafield>
   <datafield ind1="8" ind2=" " tag="505">
      <subfield code="a">5. fol. 29b-30a: al-Arbaʻūn al-Nawāwīyah [excerpts] / Muḥyī al-Dīn al-Nawawī.</subfield>
   </datafield>
   <datafield ind1="8" ind2=" " tag="505">
      <subfield code="a">6. fol. 31a-35a: Sharḥ Muthallath Quṭrub / Saʻd al-Dīn al-Bārizī.</subfield>
   </datafield>
   <datafield ind1="8" ind2=" " tag="505">
      <subfield code="a">7. fol. 35b: [...] min kalām al-ʻAllāmah Ibn al-MYLQ(?) al-Shāfiʻī.</subfield>
   </datafield>
   <datafield ind1="4" ind2=" " tag="510">
      <subfield code="a">Mach, R. Yahuda,</subfield>
      <subfield code="c">756, 1415, 3782</subfield>
   </datafield>
   <datafield ind1=" " ind2=" " tag="541">
      <subfield code="c">Gift ;</subfield>
      <subfield code="a">Robert Garrett, Class of 1897 ;</subfield>
      <subfield code="d">1942.</subfield>
   </datafield>
   <datafield ind1=" " ind2="0" tag="650">
      <subfield code="a">God (Islam)</subfield>
      <subfield code="x">Name</subfield>
      <subfield code="v">Early works to 1800.</subfield>
   </datafield>
   <datafield ind1=" " ind2="0" tag="650">
      <subfield code="a">Manuscripts, Arabic</subfield>
      <subfield code="z">New Jersey</subfield>
      <subfield code="z">Princeton.</subfield>
   </datafield>
   <datafield ind1=" " ind2="7" tag="655">
      <subfield code="a">Manuscripts, Arabic</subfield>
      <subfield code="y">15th century.</subfield>
      <subfield code="2">lcsh</subfield>
   </datafield>
   <datafield ind1=" " ind2="7" tag="655">
      <subfield code="a">Waqf</subfield>
      <subfield code="x">Books.</subfield>
      <subfield code="2">lcsh</subfield>
   </datafield>
   <datafield ind1="1" ind2="2" tag="700">
      <subfield code="a">Nawawī,</subfield>
      <subfield code="d">1233-1277.</subfield>
      <subfield code="t">Arbaʻūn al-Nawawīyah.</subfield>
      <subfield code="k">Selections.</subfield>
   </datafield>
   <datafield ind1="0" ind2=" " tag="774">
      <subfield code="w">4782618</subfield>
   </datafield>
   <datafield ind1="0" ind2=" " tag="774">
      <subfield code="w">4782617</subfield>
   </datafield>
   <datafield ind1="0" ind2=" " tag="774">
      <subfield code="w">4782614</subfield>
   </datafield>
   <datafield ind1="1" ind2=" " tag="880">
      <subfield code="6">100-01//r</subfield>
      <subfield code="a">ابن قاضي عجلون، ابو بكر ابن عبد الله</subfield>
   </datafield>
   <datafield ind1="4" ind2="1" tag="856">
      <subfield code="u">http://arks.princeton.edu/ark:/88435/z316q164g</subfield>
   </datafield>
</record>