<record xmlns="http://www.loc.gov/MARC21/slim" xmlns:xsi="http://www.w3.org/2001/XMLSchema-instance">
   <leader>02955ctm a2200445Ia 4500</leader>
   <controlfield tag="001">4854756</controlfield>
   <controlfield tag="005">20120531145548.0</controlfield>
   <controlfield tag="008">060920s1395    xx            000 0 ara d</controlfield>
   <datafield ind1=" " ind2=" " tag="035">
      <subfield code="a">(OCoLC)ocm71366216</subfield>
   </datafield>
   <datafield ind1=" " ind2=" " tag="040">
      <subfield code="a">PUL</subfield>
      <subfield code="c">PUL</subfield>
      <subfield code="e">amremm</subfield>
   </datafield>
   <datafield ind1=" " ind2=" " tag="043">
      <subfield code="a">n-us-nj</subfield>
   </datafield>
   <datafield ind1=" " ind2=" " tag="049">
      <subfield code="a">PULL</subfield>
   </datafield>
   <datafield ind1="1" ind2=" " tag="100">
      <subfield code="6">880-01</subfield>
      <subfield code="a">Ibn Nāṣir al-Dīn, Muḥammad ibn ʻAbd Allāh,</subfield>
      <subfield code="d">1375-1438.</subfield>
   </datafield>
   <datafield ind1="1" ind2="0" tag="245">
      <subfield code="6">880-02</subfield>
      <subfield code="a">Min masmūʻ Ibn Nāṣir al-Dīn fī sanah 82.</subfield>
   </datafield>
   <datafield ind1="1" ind2=" " tag="246">
      <subfield code="6">880-03</subfield>
      <subfield code="i">Title in Mach, R. Yahuda:</subfield>
      <subfield code="a">Masmūʻāt</subfield>
   </datafield>
   <datafield ind1=" " ind2=" " tag="260">
      <subfield code="a">[Damascus?,</subfield>
      <subfield code="c">1395 or 1396]</subfield>
   </datafield>
   <datafield ind1=" " ind2=" " tag="300">
      <subfield code="a">16 leaves :</subfield>
      <subfield code="b">paper ;</subfield>
      <subfield code="c">175 x 131 mm.</subfield>
   </datafield>
   <datafield ind1=" " ind2=" " tag="500">
      <subfield code="a">Ms. codex.</subfield>
   </datafield>
   <datafield ind1=" " ind2=" " tag="500">
      <subfield code="a">Title from title page (fol. 1a).</subfield>
   </datafield>
   <datafield ind1="8" ind2=" " tag="520">
      <subfield code="a">Autograph (see fol. 7a) list of books read and ijāzah received with mention of the name of the teachers and of the year (see fol. 7a, 8a), followed by a short excerpt from what is described on a modern label pasted on fol. 1a as being Kitāb al-ṣamt wa-ādāb al-lisān by Ibn Abī al-Dunyā (d. 894).</subfield>
   </datafield>
   <datafield ind1=" " ind2=" " tag="500">
      <subfield code="a">16 lines per page. Written in a casual medium large naskh in black ink. On some folios, the text is written parallel to the spine (see fol. 6a). Light cream paper with laid and chain lines visible. On fol. 1a: Inscriptions and a modern label. Foliation in pencil using Western numerals.</subfield>
   </datafield>
   <datafield ind1=" " ind2=" " tag="500">
      <subfield code="a">The date 798 H. is mentioned on fol. 1a as the year of compilation of these masmūʻāt.</subfield>
   </datafield>
   <datafield ind1=" " ind2=" " tag="561">
      <subfield code="a">Acquired from Abraham Shalom Yahuda, 1942.</subfield>
   </datafield>
   <datafield ind1=" " ind2=" " tag="563">
      <subfield code="a">Leaves sewed together. Traces of a spine(?).</subfield>
   </datafield>
   <datafield ind1="4" ind2=" " tag="510">
      <subfield code="a">Mach, R. Yahuda,</subfield>
      <subfield code="c">47</subfield>
   </datafield>
   <datafield ind1=" " ind2=" " tag="541">
      <subfield code="c">Gift ;</subfield>
      <subfield code="a">Robert Garrett, Class of 1897 ;</subfield>
      <subfield code="d">1942.</subfield>
   </datafield>
   <datafield ind1=" " ind2="0" tag="650">
      <subfield code="a">Muslim scholars</subfield>
      <subfield code="x">Certification</subfield>
      <subfield code="x">History</subfield>
      <subfield code="z">Syria</subfield>
      <subfield code="z">Damascus</subfield>
      <subfield code="y">14th century</subfield>
      <subfield code="v">Sources.</subfield>
   </datafield>
   <datafield ind1=" " ind2="0" tag="650">
      <subfield code="a">Muslim scholars</subfield>
      <subfield code="x">Certification</subfield>
      <subfield code="x">History</subfield>
      <subfield code="x">14th century</subfield>
      <subfield code="v">Sources.</subfield>
   </datafield>
   <datafield ind1=" " ind2="0" tag="650">
      <subfield code="a">Muslims</subfield>
      <subfield code="z">Syria</subfield>
      <subfield code="z">Damascus</subfield>
      <subfield code="x">Intellectual life</subfield>
      <subfield code="x">History</subfield>
      <subfield code="y">14th century</subfield>
      <subfield code="v">Sources.</subfield>
   </datafield>
   <datafield ind1=" " ind2="0" tag="651">
      <subfield code="a">Damascus (Syria)</subfield>
      <subfield code="x">Intellectual life</subfield>
      <subfield code="x">History</subfield>
      <subfield code="y">14th century</subfield>
      <subfield code="v">Sources.</subfield>
   </datafield>
   <datafield ind1=" " ind2="0" tag="650">
      <subfield code="a">Manuscripts, Arabic</subfield>
      <subfield code="z">New Jersey</subfield>
      <subfield code="z">Princeton.</subfield>
   </datafield>
   <datafield ind1=" " ind2="7" tag="655">
      <subfield code="a">Manuscripts, Arabic</subfield>
      <subfield code="y">14th century.</subfield>
      <subfield code="2">lcsh</subfield>
   </datafield>
   <datafield ind1=" " ind2="7" tag="655">
      <subfield code="a">Autographs (manuscripts)</subfield>
      <subfield code="z">Syria</subfield>
      <subfield code="z">Damascus</subfield>
      <subfield code="y">14th century.</subfield>
      <subfield code="2">aat</subfield>
   </datafield>
   <datafield ind1="1" ind2=" " tag="880">
      <subfield code="6">100-01/r</subfield>
      <subfield code="a">ابن ناصر الدين، محمد بن عبد الله</subfield>
   </datafield>
   <datafield ind1="1" ind2="0" tag="880">
      <subfield code="6">245-02/r</subfield>
      <subfield code="a">من مسموع ابن ناصر الدين في سنة 82</subfield>
   </datafield>
   <datafield ind1="1" ind2=" " tag="880">
      <subfield code="6">246-03/r</subfield>
      <subfield code="a">مسموعات</subfield>
   </datafield>
   <datafield ind1=" " ind2=" " tag="880">
      <subfield code="6">500-00/r</subfield>
      <subfield code="a">Incipit: بسم ... اللهم صل على محمد ... سمعت على شيخنا الامام ابى العباس احمد بن ابى المحاسن يوسف بن ابى عبدالله محمد ابن البانياسى(؟) رحمد الله جميع القصيدة المسماة عقيلة اتراب القصايد</subfield>
   </datafield>
   <datafield ind1=" " ind2=" " tag="880">
      <subfield code="6">500-00/r</subfield>
      <subfield code="a">Explicit: وفاة اختها ام عبدالله فاطمة عوضنا الله منها الجنة بكرمه</subfield>
   </datafield>
   <datafield ind1="4" ind2="1" tag="856">
      <subfield code="u">http://arks.princeton.edu/ark:/88435/tb09j572d</subfield>
   </datafield>
</record>