<record xmlns="http://www.loc.gov/MARC21/slim" xmlns:xsi="http://www.w3.org/2001/XMLSchema-instance">
   <leader>03556ctm a2200457Ia 4500</leader>
   <controlfield tag="001">5275482</controlfield>
   <controlfield tag="005">20120531150040.0</controlfield>
   <controlfield tag="008">070827s1473    ua            000 0 ara d</controlfield>
   <datafield ind1=" " ind2=" " tag="035">
      <subfield code="a">(OCoLC)ocn166329452</subfield>
   </datafield>
   <datafield ind1=" " ind2=" " tag="040">
      <subfield code="a">PUL</subfield>
      <subfield code="c">PUL</subfield>
      <subfield code="e">amremm</subfield>
   </datafield>
   <datafield ind1=" " ind2=" " tag="035">
      <subfield code="a">(OCoLC)166329452</subfield>
   </datafield>
   <datafield ind1=" " ind2=" " tag="043">
      <subfield code="a">n-us-nj</subfield>
      <subfield code="a">f-ua---</subfield>
   </datafield>
   <datafield ind1=" " ind2=" " tag="049">
      <subfield code="a">PULL</subfield>
   </datafield>
   <datafield ind1="1" ind2=" " tag="100">
      <subfield code="6">880-01</subfield>
      <subfield code="a">Sibṭ al-Māridīnī, Badr al-Dīn Muḥammad ibn Muḥammad,</subfield>
      <subfield code="d">b. 1423.</subfield>
   </datafield>
   <datafield ind1="1" ind2="0" tag="245">
      <subfield code="6">880-02</subfield>
      <subfield code="a">[Sharḥ al-Yāsamīnīyah].</subfield>
   </datafield>
   <datafield ind1=" " ind2=" " tag="260">
      <subfield code="a">Cairo, [</subfield>
      <subfield code="c">1473]</subfield>
   </datafield>
   <datafield ind1=" " ind2=" " tag="300">
      <subfield code="a">20 leaves :</subfield>
      <subfield code="b">paper ;</subfield>
      <subfield code="c">185 x 140 (140 x 100) mm.</subfield>
   </datafield>
   <datafield ind1=" " ind2=" " tag="500">
      <subfield code="a">Ms. codex.</subfield>
   </datafield>
   <datafield ind1=" " ind2=" " tag="500">
      <subfield code="a">Title supplied by cataloger.</subfield>
   </datafield>
   <datafield ind1="8" ind2=" " tag="520">
      <subfield code="a">Long commentary on al-Urjūzah by ʻAbd Allāh ibn Muḥammad al-Yāsamīnī (d. 601/1204), a versified treatise on arithmetic.</subfield>
   </datafield>
   <datafield ind1=" " ind2=" " tag="500">
      <subfield code="a">Physical description: 21 lines per page. Written in clear small naskh in black ink with use of red for headings and re-inking. Red teardrop text-stops, in group of three to mark beginning and end of verses. Light cream paper, glossy, with laid and chain lines, and pulp visible.</subfield>
   </datafield>
   <datafield ind1=" " ind2=" " tag="500">
      <subfield code="a">Collation: Paper, fol. 20 ; 1-2¹⁰ ; catchword on the verso of each leaf.</subfield>
   </datafield>
   <datafield ind1=" " ind2=" " tag="500">
      <subfield code="a">Inscription in Arabic script on a label pasted on fol. 1a: "3 ʼmīyah".</subfield>
   </datafield>
   <datafield ind1=" " ind2=" " tag="500">
      <subfield code="a">Origin: Copied from an autograph on Wednesday 7 Dhū al-Ḥijjah 877 [May 5, 1473] in Cairo (al-Qāhirah), by Muḥammad ibn Ḥamzah ibn Aḥmad ibn ʻAlī ibn Muḥammad al-Ḥusaynī al-Shāfiʻī̈ al-Dimashqī (colophon, fol. 20a).</subfield>
   </datafield>
   <datafield ind1=" " ind2=" " tag="561">
      <subfield code="a">Acquired from Abraham Shalom Yahuda, 1942.</subfield>
   </datafield>
   <datafield ind1=" " ind2=" " tag="563">
      <subfield code="a">Unbound.</subfield>
   </datafield>
   <datafield ind1="4" ind2=" " tag="510">
      <subfield code="a">Mach, R. Yahuda,</subfield>
      <subfield code="c">4794</subfield>
   </datafield>
   <datafield ind1="4" ind2=" " tag="510">
      <subfield code="a">Brockelmann, C. GAL,</subfield>
      <subfield code="c">I, 471 (7/1. Cmtre 4) ; SI</subfield>
   </datafield>
   <datafield ind1=" " ind2=" " tag="541">
      <subfield code="c">Gift ;</subfield>
      <subfield code="a">Robert Garrett, Class of 1897 ;</subfield>
      <subfield code="d">1942.</subfield>
   </datafield>
   <datafield ind1="1" ind2="0" tag="600">
      <subfield code="6">880-03</subfield>
      <subfield code="a">Ibn al-Yāsamīn, ʻAbd Allāh ibn Ḥajjāj,</subfield>
      <subfield code="d">d. 1204.</subfield>
      <subfield code="t">Urjūzah.</subfield>
   </datafield>
   <datafield ind1=" " ind2="0" tag="650">
      <subfield code="a">Mathematics, Arab</subfield>
      <subfield code="y">15th century.</subfield>
   </datafield>
   <datafield ind1=" " ind2="0" tag="650">
      <subfield code="a">Manuscripts, Arabic</subfield>
      <subfield code="z">New Jersey</subfield>
      <subfield code="z">Princeton.</subfield>
   </datafield>
   <datafield ind1=" " ind2="7" tag="655">
      <subfield code="a">Manuscripts, Arabic</subfield>
      <subfield code="y">15th century.</subfield>
      <subfield code="2">lcsh</subfield>
   </datafield>
   <datafield ind1=" " ind2="7" tag="655">
      <subfield code="a">Manuscripts, Arabic</subfield>
      <subfield code="z">Egypt</subfield>
      <subfield code="z">Cairo</subfield>
      <subfield code="y">15th century.</subfield>
      <subfield code="2">lcsh</subfield>
   </datafield>
   <datafield ind1="1" ind2=" " tag="880">
      <subfield code="6">100-01/r</subfield>
      <subfield code="a">سبط المارديني، بدر الدين محمد بن محمد</subfield>
   </datafield>
   <datafield ind1="1" ind2="0" tag="880">
      <subfield code="6">245-02/r</subfield>
      <subfield code="a">شرح الياسمينية</subfield>
   </datafield>
   <datafield ind1=" " ind2=" " tag="880">
      <subfield code="6">500-00/r</subfield>
      <subfield code="a">Incipit: قال الشيخ الامام العلامة بدر الدين محمد سبط الماردينى الشافعى الحمد لله الذى جبر قلوب اوليايه بحسن المقابلة يوم الحساب ... اما بعد فهذا تعليق مختصر سهل نافع ان شاء الله تعالى وضعته شرحا على الارجوزة الياسمينية فى علم الجبر نظم الشيخ الامام العلامة ابى عبد الله ابن حجاج المعروف بابن الياسمين طيب الله ثراه وجعل الجنة قراه ص على ثلاثة يدور الجبر المال والاعداد ثم الجذر س اي مسايل علم الجبر وتسمى ضروبا دايرة على ثلاثة انواع فقط</subfield>
   </datafield>
   <datafield ind1=" " ind2=" " tag="880">
      <subfield code="6">500-00/r</subfield>
      <subfield code="a">Explicit: و قد يظهر لك استحالتها بالنظر فيها وفى هذا القدر الذى اوردته كفاية للمبتدى ان شا الله تعالى وحسبى الله ونعم الوكيل ولا حول ولا قوة الا بالله العلى العظيم</subfield>
   </datafield>
   <datafield ind1="1" ind2="0" tag="880">
      <subfield code="6">600-03/r</subfield>
      <subfield code="a">ابن الياسمين، عبد الله بن حجاج.</subfield>
      <subfield code="t">ارجوزة</subfield>
   </datafield>
   <datafield ind1="4" ind2="1" tag="856">
      <subfield code="u">http://arks.princeton.edu/ark:/88435/pn89d664t</subfield>
   </datafield>
</record>