<record xmlns="http://www.loc.gov/MARC21/slim" xmlns:xsi="http://www.w3.org/2001/XMLSchema-instance">
   <leader>02818ctm a2200445Ia 4500</leader>
   <controlfield tag="001">5537819</controlfield>
   <controlfield tag="005">20120531150520.0</controlfield>
   <controlfield tag="008">080805s1585    xx            000 0 ara d</controlfield>
   <datafield ind1=" " ind2=" " tag="035">
      <subfield code="a">(OCoLC)ocn238250279</subfield>
   </datafield>
   <datafield ind1=" " ind2=" " tag="040">
      <subfield code="a">PUL</subfield>
      <subfield code="c">PUL</subfield>
      <subfield code="e">amremm</subfield>
   </datafield>
   <datafield ind1=" " ind2=" " tag="066">
      <subfield code="c">(3</subfield>
   </datafield>
   <datafield ind1=" " ind2=" " tag="035">
      <subfield code="a">(OCoLC)238250279</subfield>
   </datafield>
   <datafield ind1=" " ind2=" " tag="043">
      <subfield code="a">n-us-nj</subfield>
   </datafield>
   <datafield ind1=" " ind2=" " tag="049">
      <subfield code="a">PULL</subfield>
   </datafield>
   <datafield ind1="1" ind2=" " tag="100">
      <subfield code="6">880-01</subfield>
      <subfield code="a">Sibṭ al-Māridīnī, Badr al-Dīn Muḥammad ibn Muḥammad,</subfield>
      <subfield code="d">b. 1423.</subfield>
   </datafield>
   <datafield ind1="1" ind2="0" tag="245">
      <subfield code="6">880-02</subfield>
      <subfield code="a">Hidāyat al-sāʾil ilá maʻrifat al-rubʻ al-kāmil.</subfield>
   </datafield>
   <datafield ind1="1" ind2=" " tag="246">
      <subfield code="i">Title in Mach, R. Yahuda:</subfield>
      <subfield code="a">Hidāyat al-ʻāmil bi-al-rubʻ al-kāmil</subfield>
   </datafield>
   <datafield ind1=" " ind2=" " tag="260">
      <subfield code="c">[1585]</subfield>
   </datafield>
   <datafield ind1=" " ind2=" " tag="300">
      <subfield code="a">11 leaves :</subfield>
      <subfield code="b">paper ;</subfield>
      <subfield code="c">205 x 147 (150 x 110) mm.</subfield>
   </datafield>
   <datafield ind1=" " ind2=" " tag="500">
      <subfield code="a">Ms. codex.</subfield>
   </datafield>
   <datafield ind1=" " ind2=" " tag="500">
      <subfield code="a">Title from preamble of text (fol. 1b).</subfield>
   </datafield>
   <datafield ind1="8" ind2=" " tag="520">
      <subfield code="a">Treatise describing a quadrant called "al-rubʻ al-kāmil", comprising an introduction and fifteen chapters (bāb). On fol. 1a is a chart explaining the influence of the rainbow in association with the signs of the zodiac.</subfield>
   </datafield>
   <datafield ind1=" " ind2=" " tag="500">
      <subfield code="a">Physical description: 16 lines per page. Written in careful medium large naskh in black ink with use of red ; text is partially vocalized. Loose leaves and bifolia ; stained with water.</subfield>
   </datafield>
   <datafield ind1=" " ind2=" " tag="500">
      <subfield code="a">Origin: According to note at the end of the text, copied in 993 H. [1585] (fol. 11b).</subfield>
   </datafield>
   <datafield ind1=" " ind2=" " tag="561">
      <subfield code="a">Acquired from Abraham Shalom Yahuda, 1942.</subfield>
   </datafield>
   <datafield ind1="4" ind2=" " tag="510">
      <subfield code="a">Mach, R. Yahuda,</subfield>
      <subfield code="c">4936</subfield>
   </datafield>
   <datafield ind1="4" ind2=" " tag="510">
      <subfield code="a">King, D. Fihrist al-makhṭūṭāt al-ʻilmīyah (1981-1986),</subfield>
      <subfield code="c">vol. 2, p. 448, 4/4/12 (5)</subfield>
   </datafield>
   <datafield ind1=" " ind2=" " tag="541">
      <subfield code="c">Gift ;</subfield>
      <subfield code="a">Robert Garrett, Class of 1897 ;</subfield>
      <subfield code="d">1942.</subfield>
   </datafield>
   <datafield ind1=" " ind2="0" tag="650">
      <subfield code="a">Quadrants (astronomical instruments)</subfield>
      <subfield code="x">History</subfield>
      <subfield code="z">Islamic empire</subfield>
      <subfield code="y">15th century</subfield>
      <subfield code="v">Sources.</subfield>
   </datafield>
   <datafield ind1=" " ind2="0" tag="650">
      <subfield code="a">Astronomy, Arab</subfield>
      <subfield code="x">History</subfield>
      <subfield code="y">14th century</subfield>
      <subfield code="v">Sources.</subfield>
   </datafield>
   <datafield ind1=" " ind2="0" tag="650">
      <subfield code="a">Predictive astrology</subfield>
      <subfield code="z">Islamic Empire</subfield>
      <subfield code="v">Early works to 1800.</subfield>
   </datafield>
   <datafield ind1=" " ind2="0" tag="650">
      <subfield code="a">Rainbows.</subfield>
   </datafield>
   <datafield ind1=" " ind2="0" tag="650">
      <subfield code="a">Manuscripts, Arabic</subfield>
      <subfield code="z">New Jersey</subfield>
      <subfield code="z">Princeton.</subfield>
   </datafield>
   <datafield ind1=" " ind2="7" tag="655">
      <subfield code="a">Manuscripts, Arabic</subfield>
      <subfield code="y">16th century.</subfield>
      <subfield code="2">lcsh</subfield>
   </datafield>
   <datafield ind1="1" ind2=" " tag="880">
      <subfield code="6">100-01/(3/r</subfield>
      <subfield code="a">سبط المارديني، بدر الدين محمد بن محمد</subfield>
   </datafield>
   <datafield ind1="1" ind2="0" tag="880">
      <subfield code="6">245-02/(3/r</subfield>
      <subfield code="a">هداية السائل الى معرفة الربع الكامل</subfield>
   </datafield>
   <datafield ind1=" " ind2=" " tag="880">
      <subfield code="6">500-00/(3/r</subfield>
      <subfield code="a">Incipit: بسم ... الحمد لله الذى رسم على صفحات مصنوعاته قواطع الدلايل ... وبعد فهذه رسالة لخصت فيها محاسن الرسايل وخصصتها بالاهم مما يتعلق بالربع الكامل</subfield>
   </datafield>
   <datafield ind1=" " ind2=" " tag="880">
      <subfield code="6">500-00/(3/r</subfield>
      <subfield code="a">Explicit: لبعده يحصل الغرض فيها وفى هذا القدر كفاية لمن وفقه الله تعالى والحمد لله وحده وصلى الله على سيدنا محمد وآله وصحبه وسلم تسليما كثيرا امين</subfield>
   </datafield>
   <datafield ind1="4" ind2="1" tag="856">
      <subfield code="u">http://arks.princeton.edu/ark:/88435/jw827b72m</subfield>
   </datafield>
</record>