<record xmlns="http://www.loc.gov/MARC21/slim" xmlns:xsi="http://www.w3.org/2001/XMLSchema-instance">
   <leader>04625ctm a2200517Ia 4500</leader>
   <controlfield tag="001">4695727</controlfield>
   <controlfield tag="005">20111122151717.0</controlfield>
   <controlfield tag="008">060404q15uu16uuxx            000 0 ara d</controlfield>
   <datafield ind1=" " ind2=" " tag="035">
      <subfield code="a">(OCoLC)ocm65465894</subfield>
   </datafield>
   <datafield ind1=" " ind2=" " tag="040">
      <subfield code="a">PUL</subfield>
      <subfield code="c">PUL</subfield>
      <subfield code="e">amremm</subfield>
   </datafield>
   <datafield ind1=" " ind2=" " tag="043">
      <subfield code="a">n-us-nj</subfield>
      <subfield code="a">a-sy---</subfield>
   </datafield>
   <datafield ind1=" " ind2=" " tag="049">
      <subfield code="a">PULL</subfield>
   </datafield>
   <datafield ind1="1" ind2=" " tag="100">
      <subfield code="6">880-01</subfield>
      <subfield code="a">Ibn Ṭūlūn, Shams al-Dīn Muḥammad ibn ʻAlī,</subfield>
      <subfield code="d">1485?-1546.</subfield>
   </datafield>
   <datafield ind1="1" ind2="0" tag="240">
      <subfield code="6">880-02</subfield>
      <subfield code="a">ʻArf al-zaharāt</subfield>
   </datafield>
   <datafield ind1="1" ind2="0" tag="245">
      <subfield code="6">880-03</subfield>
      <subfield code="a">ʻArf al-zaharāt fī tafsīr al-kalimāt al-ṭayyibāt /</subfield>
      <subfield code="c">taʾlīf al-Ḥāfiẓ al-Ḥujjah al-Thiqah Shams al-Dīn Muḥammad ibn Ṭūlūn al-Ṣāliḥī al-Dimashqī al-Ḥanafī.</subfield>
   </datafield>
   <datafield ind1=" " ind2=" " tag="260">
      <subfield code="a">[between 15--? and 16--?]</subfield>
   </datafield>
   <datafield ind1=" " ind2=" " tag="300">
      <subfield code="a">105 leaves :</subfield>
      <subfield code="b">paper ;</subfield>
      <subfield code="c">176 x 128 (133 x 100) mm. bound to 179 x 133 mm.</subfield>
   </datafield>
   <datafield ind1=" " ind2=" " tag="500">
      <subfield code="a">Ms. codex.</subfield>
   </datafield>
   <datafield ind1="8" ind2=" " tag="520">
      <subfield code="a">Biographical dictionary of the learned men of Damascus. The volume contains also a short treatise by the same author on sugar as it is described in the ḥadīths and other texts.</subfield>
   </datafield>
   <datafield ind1=" " ind2=" " tag="500">
      <subfield code="a">Title from title page (fol. 1a).</subfield>
   </datafield>
   <datafield ind1=" " ind2=" " tag="500">
      <subfield code="a">The title from title page is written in a later hand. The same title appears at the beginning of the text (fol. 1b) with no mention of the author.</subfield>
   </datafield>
   <datafield ind1=" " ind2=" " tag="500">
      <subfield code="a">Physical description: 23 long lines per page; on some pages the text is written horizontally on a narrower portion of the page and continues vertically (see ff. 38b, 39a-b). Written in a small script in black ink with use of red ; ff. 100b and 101a are by a later hand. The names of the persons mentioned in the text are written in the margin by several hands in black, red and green ink; some of these names are also numbered in the margin using Arabic numerals. Paper with vertical laid lines visible; chain lines (apparently grouped by three) are visible on some leaves; frame-ruled (6 mm.). Catchwords on the verso of each leaf. Collation notes (collation statement fol. 105b). Modern foliation in pencil using Western numerals.</subfield>
   </datafield>
   <datafield ind1=" " ind2=" " tag="500">
      <subfield code="a">At the end of the text another hand added a list of names and dates numbered in the margin and a portion of text (ff. 100b-101a). Ff. 101b-103a are blank, but on fol. 103b, there is a "Fāʻidah" written by the same hand as the main text.</subfield>
   </datafield>
   <datafield ind1="0" ind2="0" tag="505">
      <subfield code="g">1. fol. 1a-101a:</subfield>
      <subfield code="t">ʻArf al-zaharāt fī tafsīr al-kalimāt al-ṭayyibāt /</subfield>
      <subfield code="r">Shams al-Dīn Muḥammad Ibn Ṭūlūn.</subfield>
   </datafield>
   <datafield ind1="8" ind2=" " tag="505">
      <subfield code="a">2. fol. 101b-103a: [Blank].</subfield>
   </datafield>
   <datafield ind1="8" ind2=" " tag="505">
      <subfield code="a">3. fol. 103b: Fāʾidah.</subfield>
   </datafield>
   <datafield ind1="8" ind2="0" tag="505">
      <subfield code="g">4. fol. 104a-105b:</subfield>
      <subfield code="t">Taʻrīf al-munkar min ḥāl al-sukkar /</subfield>
      <subfield code="r">Shams al-Dīn Muḥammad Ibn Ṭūlūn.</subfield>
   </datafield>
   <datafield ind1=" " ind2=" " tag="561">
      <subfield code="a">Acquired from Brill, Leyden, 1925, from the books of Murād Bey Bārūdī (Beirut).</subfield>
   </datafield>
   <datafield ind1=" " ind2=" " tag="563">
      <subfield code="a">Dark brown leather over pasteboards. The upper cover has a gold-tooled vertical central pattern enclosed in a frame formed of a single gold-tooled line, with a small gold-tooled motif in each of the inner corners. The outer frame is formed of blind-tooled lines and a running pattern. The lower cover has a blind-stamped central mandorla panel. The spine has been repaired. Modern pastedowns and endpapers.</subfield>
   </datafield>
   <datafield ind1=" " ind2=" " tag="541">
      <subfield code="c">Gift ;</subfield>
      <subfield code="a">Robert Garrett, Class of 1897 ;</subfield>
      <subfield code="d">1942.</subfield>
   </datafield>
   <datafield ind1="4" ind2=" " tag="510">
      <subfield code="a">Hitti, P. Garrett coll.,</subfield>
      <subfield code="c">702</subfield>
   </datafield>
   <datafield ind1=" " ind2="0" tag="650">
      <subfield code="a">Muslim scholars</subfield>
      <subfield code="z">Syria</subfield>
      <subfield code="z">Damascus</subfield>
      <subfield code="v">Biography</subfield>
      <subfield code="v">Early works to 1800.</subfield>
   </datafield>
   <datafield ind1=" " ind2="0" tag="651">
      <subfield code="a">Damascus (Syria)</subfield>
      <subfield code="v">Biography</subfield>
      <subfield code="v">Early works to 1800.</subfield>
   </datafield>
   <datafield ind1=" " ind2="0" tag="651">
      <subfield code="a">Damascus (Syria)</subfield>
      <subfield code="x">History</subfield>
      <subfield code="v">Early works to 1800.</subfield>
   </datafield>
   <datafield ind1=" " ind2="0" tag="650">
      <subfield code="a">Sugar</subfield>
      <subfield code="v">Early works to 1800.</subfield>
   </datafield>
   <datafield ind1=" " ind2="0" tag="650">
      <subfield code="a">Manuscripts, Arabic</subfield>
      <subfield code="z">New Jersey</subfield>
      <subfield code="z">Princeton.</subfield>
   </datafield>
   <datafield ind1=" " ind2="7" tag="655">
      <subfield code="a">Manuscripts, Arabic</subfield>
      <subfield code="y">16th century.</subfield>
      <subfield code="2">lcsh</subfield>
   </datafield>
   <datafield ind1="1" ind2="2" tag="700">
      <subfield code="a">Ibn Ṭūlūn, Shams al-Dīn Muḥammad ibn ʻAlī,</subfield>
      <subfield code="d">1485?-1546.</subfield>
      <subfield code="t">Taʻrīf al-munkar min ḥāl al-sukkar.</subfield>
   </datafield>
   <datafield ind1="0" ind2=" " tag="740">
      <subfield code="a">Taʻrīf al-munkar min ḥāl al-sukar.</subfield>
   </datafield>
   <datafield ind1="1" ind2=" " tag="880">
      <subfield code="6">100-01//r</subfield>
      <subfield code="a">ابن طولون، شمس الدين محمد بن علي</subfield>
   </datafield>
   <datafield ind1="1" ind2="0" tag="880">
      <subfield code="6">240-02//r</subfield>
      <subfield code="a">عرف الزهرات</subfield>
   </datafield>
   <datafield ind1="1" ind2="0" tag="880">
      <subfield code="6">245-03//r</subfield>
      <subfield code="a">عرف الزهرات في تفسير الكلمات الطيبات /</subfield>
      <subfield code="c">تأليف الحافظ الحجة الثقة شمس الدين محمد بن طولون الصالحي الدمشقي الحنفي.</subfield>
   </datafield>
   <datafield ind1=" " ind2=" " tag="880">
      <subfield code="6">500-00//r</subfield>
      <subfield code="a">Incipit: الحمد لله الذي ميز هذه الامة ... الى يوم البحث والعشروبعد فهذا تعليق سميته عرف الزهرات في تفسير الكلمات الطيبات وهو ما اخرج النساي واللفظ له</subfield>
   </datafield>
   <datafield ind1=" " ind2=" " tag="880">
      <subfield code="6">500-00//r</subfield>
      <subfield code="a">Explicit: لايوافق الشرع الشريف وهو كثير الادب محب لذوي الكمال</subfield>
   </datafield>
   <datafield ind1="4" ind2="1" tag="856">
      <subfield code="u">http://arks.princeton.edu/ark:/88435/9c67wm88r</subfield>
   </datafield>
</record>