<record xmlns="http://www.loc.gov/MARC21/slim" xmlns:xsi="http://www.w3.org/2001/XMLSchema-instance">
   <leader>05305ctm a2200697Ia 4500</leader>
   <controlfield tag="001">4808744</controlfield>
   <controlfield tag="005">20120525150833.0</controlfield>
   <controlfield tag="008">060731m11761726xx            000 0 ara d</controlfield>
   <datafield ind1=" " ind2=" " tag="035">
      <subfield code="a">(OCoLC)ocm70783488</subfield>
   </datafield>
   <datafield ind1=" " ind2=" " tag="040">
      <subfield code="a">PUL</subfield>
      <subfield code="c">PUL</subfield>
      <subfield code="e">amremm</subfield>
   </datafield>
   <datafield ind1=" " ind2=" " tag="043">
      <subfield code="a">n-us-nj</subfield>
   </datafield>
   <datafield ind1=" " ind2=" " tag="049">
      <subfield code="a">PULL</subfield>
   </datafield>
   <datafield ind1="0" ind2=" " tag="100">
      <subfield code="a">Galen.</subfield>
   </datafield>
   <datafield ind1="1" ind2="0" tag="245">
      <subfield code="6">880-01</subfield>
      <subfield code="a">Majmūʻah fī al-ṭibb /</subfield>
      <subfield code="c">li-Jālīnūs al-ḥakīm.</subfield>
   </datafield>
   <datafield ind1=" " ind2=" " tag="260">
      <subfield code="c">[1176-1726]</subfield>
   </datafield>
   <datafield ind1=" " ind2=" " tag="300">
      <subfield code="a">ii, 377, ii leaves:</subfield>
      <subfield code="b">paper ;</subfield>
      <subfield code="c">255 x 165 (180 x 120) mm. bound to 255 x 175 mm.</subfield>
   </datafield>
   <datafield ind1=" " ind2=" " tag="500">
      <subfield code="a">Ms. codex.</subfield>
   </datafield>
   <datafield ind1=" " ind2=" " tag="500">
      <subfield code="a">Title from inscription on the lower edge of the text block.</subfield>
   </datafield>
   <datafield ind1="8" ind2=" " tag="520">
      <subfield code="a">Collection of several treatises on medicine, translated into Arabic by Ḥunayn ibn Isḥāq. The ms. contains two main parts: the first text which is a later addition and texts 2-10, all written by the same hand. There seems to be two parts in this last section, the first called "al-Jawāmiʻ" (texts 2-6, see colophon, fol. 244b) and the last four texts.</subfield>
   </datafield>
   <datafield ind1=" " ind2=" " tag="500">
      <subfield code="a">21 lines per page. The first text is written in nastaʻlīq in black ink with use of red for the headings on European glazed paper with watermark. From text 2 on: written in careful and professional vocalized medium large naskh in black ink (faded to brown) on light cream glazed paper with horizontal laid lines visible ; frame-ruled. Marginal notes (mostly ḥāshiyah from the author, copied by the same hand, see fol. 42b, 53a). Smaller leaves are inserted between the ms. leaves, with inscriptions by the same hand as the main text (mostly ḥāshiyah from the author, see between fol. 51 and 52; 112-113; 211-212). On fol. 1a: Obliterated seal. On fol. 41a (i.e., fol. 1a of the original ms.): Table of contents; several ownership statements, one dated 623 H., one dated 8 Muharram 902 H. in Dār al-Islām Qusṭanṭinīyah; one signed Kamāl al-Dīn al-mutaṭabbib al-Mūsawī. On fol. 377a: Seal with waqf inscription signed Dāmādzādah Fayḍ Allāh Afandī, dated 1174 H. On fol. 377b: Ownership statements. The quires are numbered using Arabic numerals in the form "7 min 3" (often cut off due to the trimming of the leaves, but still visible on some quires, see fol. 96a, 126a, 136a, 146a, 156a). Signs in the upper corner and lower corner of the opposite leaf marking the middle of the quire (see fol. 130-131; 220-221). Foliation in pencil using Western numerals.</subfield>
   </datafield>
   <datafield ind1=" " ind2=" " tag="500">
      <subfield code="a">Copied by ʻUthmān ibn ʻAlī ibn Muḥammad al-Samarqandī in 572 H. (colophon of text 6, fol. 244b), except the first text, copied for Dāmādzādah by Muḥammad Amīn al-Ḥasanī ibn ʻAbd Allāh al-Tūqātī in Dhū al-Qaʻdah 1138 H. (colophon, fol. 40a).</subfield>
   </datafield>
   <datafield ind1=" " ind2=" " tag="561">
      <subfield code="a">Acquired by Ananikian from Egypt, 1924.</subfield>
   </datafield>
   <datafield ind1=" " ind2=" " tag="563">
      <subfield code="a">Dark brown leather over pasteboards. Upper and lower covers have a simple outer frame made of single fillets.</subfield>
   </datafield>
   <datafield ind1="0" ind2=" " tag="505">
      <subfield code="a">1. fol. 1a-40a: Kitāb Jālīnūs al-maʻrūf bi-al-Ṣināʻah al-ṣaghīrah / Galen.</subfield>
   </datafield>
   <datafield ind1="8" ind2=" " tag="505">
      <subfield code="a">2. fol. 41a-58b: Kitāb Jālīnūs fī al-buḥrān / Galen.</subfield>
   </datafield>
   <datafield ind1="8" ind2=" " tag="505">
      <subfield code="a">3. fol. 59b-68a: Kitāb Jālīnūs fī ayyām al-buḥrān / Galen.</subfield>
   </datafield>
   <datafield ind1="8" ind2=" " tag="505">
      <subfield code="a">4. fol. 69b-83a: Kitāb Jālīnūs fī aṣnāf al-ḥummayāt / Galen.</subfield>
   </datafield>
   <datafield ind1="8" ind2=" " tag="505">
      <subfield code="a">5. fol. 83b-84a: [Blank].</subfield>
   </datafield>
   <datafield ind1="8" ind2=" " tag="505">
      <subfield code="a">6. fol. 84b-197b: Jumal min jawāmiʻ Kitāb Jālīnūs fī al-ḥīlat lil-burʼ / Galen.</subfield>
   </datafield>
   <datafield ind1="8" ind2=" " tag="505">
      <subfield code="a">7. fol. 198a: [Blank].</subfield>
   </datafield>
   <datafield ind1="8" ind2=" " tag="505">
      <subfield code="a">8. fol. 198b-244b: Kitāb Jālīnūs fī tadbīr al-aṣiḥḥā / Galen.</subfield>
   </datafield>
   <datafield ind1="8" ind2=" " tag="505">
      <subfield code="a">9. fol. 245a-262a: Kitāb Jālīnūs fī firaq al-ṭibb / Galen.</subfield>
   </datafield>
   <datafield ind1="8" ind2=" " tag="505">
      <subfield code="a">10. fol. 262b-263a: [Blank].</subfield>
   </datafield>
   <datafield ind1="8" ind2=" " tag="505">
      <subfield code="a">11. fol. 263b-278b: Kitāb Jālīnūs fī al-nabḍ ilá Ṭūtharun lil-mutaʻallimīn / Galen.</subfield>
   </datafield>
   <datafield ind1="8" ind2=" " tag="505">
      <subfield code="a">12. fol. 279a-281a: [Blank].</subfield>
   </datafield>
   <datafield ind1="8" ind2=" " tag="505">
      <subfield code="a">13. fol. 281b-342b: Kitāb Jālīnūs ilá Aghlūqun fī shifāʼ al-amrāḍ / Galen.</subfield>
   </datafield>
   <datafield ind1="8" ind2=" " tag="505">
      <subfield code="a">14. fol. 343a: [Blank].</subfield>
   </datafield>
   <datafield ind1="8" ind2=" " tag="505">
      <subfield code="a">15. fol. 343b-377b: Kitāb Jālīnūs fī al-Usṭuqusāt ʻalá raʼy Buqrāṭ / Galen.</subfield>
   </datafield>
   <datafield ind1="4" ind2=" " tag="510">
      <subfield code="a">Hitti, P. Garrett coll.,</subfield>
      <subfield code="c">1075</subfield>
   </datafield>
   <datafield ind1="3" ind2=" " tag="510">
      <subfield code="a">Walzer, R. Codex Princetonianus Arabicus 1075, in Bulletin of the History of Medicine XXVIII (1954), 550-552</subfield>
   </datafield>
   <datafield ind1="4" ind2=" " tag="510">
      <subfield code="a">Galen. Über die Arten der Fieber in der arabischen Version des Ḥunain ibn Isḥāq. Edition und Übersetzung von Matthias Werhard. Inaugural-Dissertation Ludwig-Maximilians-Universität. Munich, 2004, xxxiv-xxxv</subfield>
   </datafield>
   <datafield ind1=" " ind2=" " tag="541">
      <subfield code="c">Gift ;</subfield>
      <subfield code="a">Robert Garrett, Class of 1897 ;</subfield>
      <subfield code="d">1942.</subfield>
   </datafield>
   <datafield ind1=" " ind2="0" tag="650">
      <subfield code="a">Manuscripts, Arabic</subfield>
      <subfield code="z">New Jersey</subfield>
      <subfield code="z">Princeton.</subfield>
   </datafield>
   <datafield ind1=" " ind2="7" tag="655">
      <subfield code="a">Manuscripts, Arabic</subfield>
      <subfield code="y">12th century.</subfield>
      <subfield code="2">lcsh</subfield>
   </datafield>
   <datafield ind1=" " ind2="7" tag="655">
      <subfield code="a">Manuscripts, Arabic</subfield>
      <subfield code="y">18th century.</subfield>
      <subfield code="2">lcsh</subfield>
   </datafield>
   <datafield ind1="0" ind2="2" tag="700">
      <subfield code="a">Ḥunayn ibn Isḥāq al-ʻIbādī,</subfield>
      <subfield code="d">809?-873,</subfield>
      <subfield code="e">translator.</subfield>
   </datafield>
   <datafield ind1="0" ind2="2" tag="730">
      <subfield code="a">Summaria Alexandrinorum.</subfield>
      <subfield code="l">Arabic.</subfield>
   </datafield>
   <datafield ind1="0" ind2="2" tag="730">
      <subfield code="a">Jawāmiʻ al-Iskandarānīyīn.</subfield>
   </datafield>
   <datafield ind1="0" ind2=" " tag="774">
      <subfield code="w">4808779</subfield>
   </datafield>
   <datafield ind1="0" ind2=" " tag="774">
      <subfield code="w">4808777</subfield>
   </datafield>
   <datafield ind1="0" ind2=" " tag="774">
      <subfield code="w">4808796</subfield>
   </datafield>
   <datafield ind1="0" ind2=" " tag="774">
      <subfield code="w">4808781</subfield>
   </datafield>
   <datafield ind1="0" ind2=" " tag="774">
      <subfield code="w">4808786</subfield>
   </datafield>
   <datafield ind1="0" ind2=" " tag="774">
      <subfield code="w">4808774</subfield>
   </datafield>
   <datafield ind1="0" ind2=" " tag="774">
      <subfield code="w">4808789</subfield>
   </datafield>
   <datafield ind1="0" ind2=" " tag="774">
      <subfield code="w">4808793</subfield>
   </datafield>
   <datafield ind1="0" ind2=" " tag="774">
      <subfield code="w">4808795</subfield>
   </datafield>
   <datafield ind1="0" ind2=" " tag="774">
      <subfield code="w">4808769</subfield>
   </datafield>
   <datafield ind1="1" ind2="0" tag="880">
      <subfield code="6">245-01/r</subfield>
      <subfield code="a">مجموعة في الطب</subfield>
   </datafield>
   <datafield ind1="4" ind2="1" tag="856">
      <subfield code="u">http://arks.princeton.edu/ark:/88435/5m60qr96j</subfield>
   </datafield>
</record>