<record xmlns="http://www.loc.gov/MARC21/slim" xmlns:xsi="http://www.w3.org/2001/XMLSchema-instance">
   <leader>04278ctm a2200553Ia 4500</leader>
   <controlfield tag="001">4859213</controlfield>
   <controlfield tag="005">20110809132952.0</controlfield>
   <controlfield tag="008">060928s1190    tu            000 0 ara d</controlfield>
   <datafield ind1=" " ind2=" " tag="035">
      <subfield code="a">(OCoLC)ocm71790520</subfield>
   </datafield>
   <datafield ind1=" " ind2=" " tag="040">
      <subfield code="a">PUL</subfield>
      <subfield code="c">PUL</subfield>
      <subfield code="e">amremm</subfield>
   </datafield>
   <datafield ind1=" " ind2=" " tag="043">
      <subfield code="a">n-us-nj</subfield>
   </datafield>
   <datafield ind1=" " ind2=" " tag="049">
      <subfield code="a">PULL</subfield>
   </datafield>
   <datafield ind1="1" ind2=" " tag="100">
      <subfield code="6">880-01</subfield>
      <subfield code="a">Majūsī, ʻAlī ibn al-ʻAbbās,</subfield>
      <subfield code="d">10th/11th cent</subfield>
   </datafield>
   <datafield ind1="1" ind2="0" tag="240">
      <subfield code="6">880-02</subfield>
      <subfield code="a">Kāmil al-ṣināʻah al-ṭibbīyah</subfield>
   </datafield>
   <datafield ind1="1" ind2="0" tag="245">
      <subfield code="6">880-03</subfield>
      <subfield code="a">Kitāb Kāmil al-ṣināʻah al-ṭibbīyah al-maʻrūf bi-al-Malakī /</subfield>
      <subfield code="c">taʼlīf ʻAlī ibn al-ʻAbbās tilmīdh Abī Māhir Mūsá Ibn Sayār.</subfield>
   </datafield>
   <datafield ind1="3" ind2=" " tag="246">
      <subfield code="6">880-04</subfield>
      <subfield code="a">Kāmil al-ṣināʻah al-ṭibbīyah al-maʻrūf bi-al-Malakī</subfield>
   </datafield>
   <datafield ind1="3" ind2=" " tag="246">
      <subfield code="6">880-05</subfield>
      <subfield code="a">Malakī</subfield>
   </datafield>
   <datafield ind1="1" ind2=" " tag="246">
      <subfield code="i">Romanized title on spine:</subfield>
      <subfield code="a">Kitab al-Kamilu's sina'at</subfield>
   </datafield>
   <datafield ind1=" " ind2=" " tag="260">
      <subfield code="a">Ḥarrān,</subfield>
      <subfield code="c">[1190].</subfield>
   </datafield>
   <datafield ind1=" " ind2=" " tag="300">
      <subfield code="a">356 leaves :</subfield>
      <subfield code="b">paper ;</subfield>
      <subfield code="c">295 x 215 (225 x 160) mm. bound to 350 x 250 mm.</subfield>
   </datafield>
   <datafield ind1=" " ind2=" " tag="500">
      <subfield code="a">Ms. codex.</subfield>
   </datafield>
   <datafield ind1=" " ind2=" " tag="500">
      <subfield code="a">Title from rubric (fol. 1b).</subfield>
   </datafield>
   <datafield ind1="8" ind2=" " tag="520">
      <subfield code="a">Treatise on medicine (complete copy).</subfield>
   </datafield>
   <datafield ind1=" " ind2=" " tag="500">
      <subfield code="a">Opening rubric: كتاب كامل الصناعة الطبية المعروف بالملكي تاليف علي بن العباس تلميد ابي ماهر موسي ابن سيار للملك عضد الدولة(؟) رحمة الله عليه</subfield>
   </datafield>
   <datafield ind1=" " ind2=" " tag="500">
      <subfield code="a">Incipit: المقالة الاولى و هي كه [25] بابا الباب الاول في صدر الكتاب الباب الثاني ... الباب الاول في صدر الكتاب قال علي ابن عباس ان احق ما ابتدي به في جميع الامور</subfield>
   </datafield>
   <datafield ind1=" " ind2=" " tag="500">
      <subfield code="a">Explicit: مثقال مع شيء من شراب العسل نافع ان شاء الله تعالى</subfield>
   </datafield>
   <datafield ind1=" " ind2=" " tag="500">
      <subfield code="a">31 long lines per page. Very dense copy written in small naskh using black ink, with headings in red (maqāmah headings in larger script using black ink); collation notes in violet ink and black ink in juzʼ 1 (fol. 149a, on the margin, using the same violet ink: "بلغت المقابلة بحمد اللة ومنه في صفر سنة 588"); in black ink in juzʼ 2 (violet ink on fol. 231a). Glazed paper with visible laid lines and single vertical chain lines (irregular, 180 to 250 mm., often curved); frame-ruled (12 mm.). Catchword only on fol. 87b. The pages have been trimmed so that parts of the marginalia are cut off. Some pages are repaired (loss of text and marginalia on fol. 353 a-b). Two foliations: one in black ink using Arabic numerals and one in pencil using Western numerals. Excellent condition except for a few holes. Fol. 234 and 235 are glued together ; fol. 83 is a modern addition replacing a missing leaf.</subfield>
   </datafield>
   <datafield ind1=" " ind2=" " tag="500">
      <subfield code="a">Each maqālah begins with a table of contents using abjad.</subfield>
   </datafield>
   <datafield ind1=" " ind2=" " tag="500">
      <subfield code="a">Copied from a faulty copy ("min nuskhah saqīmah") by Barakāt ibn Thābit(?) ibn Ḥamd(?) ibn Barakāt ibn Bakār(?) in Ḥarrān during the first ten days of Dhū al-Qaʻdah 586 (colophon).</subfield>
   </datafield>
   <datafield ind1=" " ind2=" " tag="561">
      <subfield code="a">Ownership statements and seals on fol. 1a (4 inscriptions and 4 seals) and 353b (2 inscriptions and 1 seal). Some of the inscriptions link this copy to Iran.</subfield>
   </datafield>
   <datafield ind1="0" ind2=" " tag="505">
      <subfield code="a">1. fol. 1a : Title page.</subfield>
   </datafield>
   <datafield ind1="8" ind2=" " tag="505">
      <subfield code="a">2. fol. 1b-149a : juzʼ 1 (10 maqālah).</subfield>
   </datafield>
   <datafield ind1="8" ind2=" " tag="505">
      <subfield code="a">3. fol. 149a-353b : juzʼ 2 (10 maqālah).</subfield>
   </datafield>
   <datafield ind1="4" ind2=" " tag="510">
      <subfield code="a">Hitti, P. Garrett coll.,</subfield>
      <subfield code="c">suppl. 1</subfield>
   </datafield>
   <datafield ind1="4" ind2=" " tag="510">
      <subfield code="a">Brockelmann, C. GAL,</subfield>
      <subfield code="c">I, p. 237/17-1</subfield>
   </datafield>
   <datafield ind1="4" ind2=" " tag="510">
      <subfield code="a">Sezgin, F. GAS,</subfield>
      <subfield code="c">III, p. 321-322</subfield>
   </datafield>
   <datafield ind1="4" ind2=" " tag="510">
      <subfield code="a">Ullmann, M. Medizin,</subfield>
      <subfield code="c">p. 140-146</subfield>
   </datafield>
   <datafield ind1=" " ind2=" " tag="541">
      <subfield code="c">Purchase;</subfield>
      <subfield code="a">Maggs;</subfield>
      <subfield code="d">1938.</subfield>
   </datafield>
   <datafield ind1=" " ind2="0" tag="650">
      <subfield code="a">Medicine, Arab.</subfield>
   </datafield>
   <datafield ind1=" " ind2="0" tag="650">
      <subfield code="a">Manuscripts, Arabic</subfield>
      <subfield code="z">New Jersey</subfield>
      <subfield code="z">Princeton.</subfield>
   </datafield>
   <datafield ind1=" " ind2="7" tag="655">
      <subfield code="a">Manuscripts, Arabic</subfield>
      <subfield code="y">12th century.</subfield>
      <subfield code="2">lcsh</subfield>
   </datafield>
   <datafield ind1=" " ind2="7" tag="655">
      <subfield code="a">Manuscripts, Arabic</subfield>
      <subfield code="z">Turkey</subfield>
      <subfield code="z">Harran</subfield>
      <subfield code="y">12th century.</subfield>
      <subfield code="2">lcsh</subfield>
   </datafield>
   <datafield ind1="1" ind2=" " tag="880">
      <subfield code="6">100-01/r</subfield>
      <subfield code="a">مجوسي، علي بن العباس</subfield>
   </datafield>
   <datafield ind1="1" ind2="0" tag="880">
      <subfield code="6">240-02/r</subfield>
      <subfield code="a">كامل الصناعة الطبية</subfield>
   </datafield>
   <datafield ind1="1" ind2="0" tag="880">
      <subfield code="6">245-03/r</subfield>
      <subfield code="a">كتاب كامل الصناعة الطبية المعروف بالملكي /</subfield>
      <subfield code="c">تأليف علي بن العباس تلميذ ابي ماهر موسى ابن سيار</subfield>
   </datafield>
   <datafield ind1="3" ind2=" " tag="880">
      <subfield code="6">246-04/r</subfield>
      <subfield code="a">كامل الصناعة الطبية المعروف بالملكي</subfield>
   </datafield>
   <datafield ind1="3" ind2=" " tag="880">
      <subfield code="6">246-05/r</subfield>
      <subfield code="a">ملكي</subfield>
   </datafield>
   <datafield ind1="4" ind2="1" tag="856">
      <subfield code="u">http://arks.princeton.edu/ark:/88435/1v53jx03x</subfield>
   </datafield>
</record>