<record xmlns="http://www.loc.gov/MARC21/slim" xmlns:xsi="http://www.w3.org/2001/XMLSchema-instance">
   <leader>04950ctm a2200517Ia 4500</leader>
   <controlfield tag="001">4803690</controlfield>
   <controlfield tag="005">20111122153005.0</controlfield>
   <controlfield tag="008">060724q13uu14uuxx            000 0 ara d</controlfield>
   <datafield ind1=" " ind2=" " tag="035">
      <subfield code="a">(OCoLC)ocm70680836</subfield>
   </datafield>
   <datafield ind1=" " ind2=" " tag="040">
      <subfield code="a">PUL</subfield>
      <subfield code="c">PUL</subfield>
      <subfield code="e">amremm</subfield>
   </datafield>
   <datafield ind1=" " ind2=" " tag="043">
      <subfield code="a">n-us-nj</subfield>
   </datafield>
   <datafield ind1=" " ind2=" " tag="049">
      <subfield code="a">PULL</subfield>
   </datafield>
   <datafield ind1="1" ind2=" " tag="100">
      <subfield code="6">880-01</subfield>
      <subfield code="a">Ibn Bakhtīshūʻ, ʻUbayd Allāh ibn Jibrāʼīl.</subfield>
   </datafield>
   <datafield ind1="1" ind2="0" tag="240">
      <subfield code="a">Ḥayāt al-ḥayawān</subfield>
   </datafield>
   <datafield ind1="1" ind2="0" tag="245">
      <subfield code="6">880-02</subfield>
      <subfield code="a">Kitāb Ḥayāt al-ḥayawān wa-ṭabāʻihi wa-khawāṣṣihi wa-manāfiʻ mā fī aʻḍāʼihi mimmā ṣannafahu al-ḥukamāʼ.</subfield>
   </datafield>
   <datafield ind1="3" ind2="1" tag="246">
      <subfield code="6">880-03</subfield>
      <subfield code="a">Kitāb al-ḥayawān wa-ṭabāʻihi wa-khawāṣṣihi wa-manāfiʻ mā fī aʻḍāʼihi mimmā ṣannafahu al-ḥukamāʼ</subfield>
   </datafield>
   <datafield ind1="3" ind2="0" tag="246">
      <subfield code="6">880-04</subfield>
      <subfield code="a">Ḥayāt al-ḥayawān wa-ṭabāʻihi wa-khawāṣṣihi wa-manāfiʻ mā fī aʻḍāʼihi mimmā ṣannafahu al-ḥukamāʼ</subfield>
   </datafield>
   <datafield ind1="1" ind2=" " tag="246">
      <subfield code="6">880-05</subfield>
      <subfield code="i">Title from title page :</subfield>
      <subfield code="a">Kitāb ṭabāʼiʻ al-ḥayawān wa-khawāṣṣihi al-[---] li-ʻUbayd Allāh ibn Jibrīl ibn ʻUbayd Allāh ibn Bakhtīshūʻ</subfield>
   </datafield>
   <datafield ind1=" " ind2=" " tag="260">
      <subfield code="c">[13--?]</subfield>
   </datafield>
   <datafield ind1=" " ind2=" " tag="300">
      <subfield code="a">185 leaves :</subfield>
      <subfield code="b">paper ;</subfield>
      <subfield code="c">247 x 188 (198 x 140 mm.). bound to 257 x 198 mm.</subfield>
   </datafield>
   <datafield ind1=" " ind2=" " tag="500">
      <subfield code="a">Ms. codex.</subfield>
   </datafield>
   <datafield ind1=" " ind2=" " tag="500">
      <subfield code="a">Title from caption (fol. 1b).</subfield>
   </datafield>
   <datafield ind1=" " ind2=" " tag="500">
      <subfield code="a">The word "ḥayāh" in the title is added above the "bạ̄ʼ" of "kitāb".</subfield>
   </datafield>
   <datafield ind1="8" ind2=" " tag="520">
      <subfield code="a">Treatise on zoology and the medical and magical properties of the various parts of the bodies of animals.</subfield>
   </datafield>
   <datafield ind1=" " ind2=" " tag="500">
      <subfield code="a">11 lines per page. Written in large naskh using black ink, with red or larger script in black for entries. Thick glazed paper, with vertical laid lines visible. The pages have been frame-ruled (10 mm., the copyist writing on every other line). The text is entirely vocalized. Some final letters of a line are placed in the margin, with a space between the end of the line and these letters. Very few notes on the margins. A few catchwords (originally at the end of each quire?). These show that some leaves are missing or misplaced (see between fol. 70b and 71a, 155b and 156a). Traces of numbering of the quires in Arabic ordinals on some leaves, mostly cut off by the trimming of the leaves (see fol. 17a, 24a, 32a, 95a, 107a, 119a). Inscriptions and ownership statements on fol. 1a. The top and fore edges of the text block are decorated with large red dots. Modern pagination in pencil using Western numerals. The paper has been trimmed so that part of the marginalia is lost (see fol. 81a).</subfield>
   </datafield>
   <datafield ind1=" " ind2=" " tag="500">
      <subfield code="a">Fol. 184 and 185 are damaged so that part of the text is lost and colophon can not be read.</subfield>
   </datafield>
   <datafield ind1=" " ind2=" " tag="500">
      <subfield code="a">According to Ph. Hitti, this ms. dates probably from the 14th cent.</subfield>
   </datafield>
   <datafield ind1=" " ind2=" " tag="563">
      <subfield code="a">Brown leather over pasteboards, with four sewing stations. The upper and lower covers have a central blind-stamped cross pattern (central roundel and four flowers on stems) encompassed in a lozenge formed of two lines connected to the outer frame. The later is formed of two fillets, with a diagonal flower-on-stem motif in each inner corner. Modern pastedowns. The binding has been repaired. See Preservation unit note attached to ms.</subfield>
   </datafield>
   <datafield ind1=" " ind2=" " tag="561">
      <subfield code="a">Acquired from Murād Bey Bārūdī, Beyrut 1925.</subfield>
   </datafield>
   <datafield ind1=" " ind2=" " tag="541">
      <subfield code="c">Gift ;</subfield>
      <subfield code="a">Robert Garrett, Class of 1897 ;</subfield>
      <subfield code="d">1942.</subfield>
   </datafield>
   <datafield ind1="4" ind2=" " tag="510">
      <subfield code="a">Hitti, P. Garrett coll.</subfield>
      <subfield code="c">1065</subfield>
   </datafield>
   <datafield ind1="4" ind2=" " tag="510">
      <subfield code="a">Ullmann, M. Natur und Geheimwissenschaften,</subfield>
      <subfield code="c">p. 28</subfield>
   </datafield>
   <datafield ind1=" " ind2="0" tag="650">
      <subfield code="a">Materia medica, Animal</subfield>
      <subfield code="x">Early works to 1800.</subfield>
   </datafield>
   <datafield ind1=" " ind2="0" tag="650">
      <subfield code="a">Zoology</subfield>
      <subfield code="v">Early works to 1800.</subfield>
   </datafield>
   <datafield ind1=" " ind2="0" tag="650">
      <subfield code="a">Manuscripts, Arabic</subfield>
      <subfield code="z">New Jersey</subfield>
      <subfield code="z">Princeton.</subfield>
   </datafield>
   <datafield ind1=" " ind2="7" tag="655">
      <subfield code="a">Manuscripts, Arabic</subfield>
      <subfield code="y">14th century.</subfield>
      <subfield code="2">lcsh</subfield>
   </datafield>
   <datafield ind1="1" ind2=" " tag="880">
      <subfield code="6">100-01/r</subfield>
      <subfield code="a">ابن بختيشوع، عبيد الله بن جبرائيل</subfield>
   </datafield>
   <datafield ind1="1" ind2="0" tag="880">
      <subfield code="6">245-02/r</subfield>
      <subfield code="a">كتاب حيوة الحيوان وطباعه وخواصه ومنافع ما في اعضائه مما صنّفه الحكماء</subfield>
   </datafield>
   <datafield ind1="3" ind2="1" tag="880">
      <subfield code="6">246-03/r</subfield>
      <subfield code="a">كتاب الحيوان وطباعه وخواصه ومنافع ما في اعضائه مما صنّفه الحكماء</subfield>
   </datafield>
   <datafield ind1="3" ind2="0" tag="880">
      <subfield code="6">246-04/r</subfield>
      <subfield code="a">حيوة الحيوان وطباعه وخواصه ومنافع ما في اعضائه مما صنّفه الحكماء</subfield>
   </datafield>
   <datafield ind1="1" ind2=" " tag="880">
      <subfield code="6">246-05/r</subfield>
      <subfield code="a">كتاب طبائع الحيوان وخواصه ال[---] لعبيد الله بن جبريل بن عبيد الله بن بختيشوع</subfield>
   </datafield>
   <datafield ind1=" " ind2=" " tag="880">
      <subfield code="6">500-00/r</subfield>
      <subfield code="a">Opening rubric (after caption, fol. 1b): فاول ما نبداء بالانسان</subfield>
   </datafield>
   <datafield ind1=" " ind2=" " tag="880">
      <subfield code="6">500-00/r</subfield>
      <subfield code="a">Incipit (fol. 1b): نقولُ إنّ الإنسان أَعدل الحيوان مزاجاً وأكمله فعالاً وألطفه حسّاً وأنفذه رأياً</subfield>
   </datafield>
   <datafield ind1=" " ind2=" " tag="880">
      <subfield code="6">500-00/r</subfield>
      <subfield code="a">Explicit (fol. 185a): علم الأدوية والداواة واذ قد بان بما أوردناه هاهنا امتناع حصر الكل واتضح [...] ومما أهملنا فلنختم الكتاب ونرجو ان نكون قد بلغنا ال</subfield>
   </datafield>
   <datafield ind1="4" ind2="1" tag="856">
      <subfield code="u">http://arks.princeton.edu/ark:/88435/x346d423q</subfield>
   </datafield>
</record>