<record xmlns="http://www.loc.gov/MARC21/slim" xmlns:xsi="http://www.w3.org/2001/XMLSchema-instance">
   <leader>03783ctm a2200457Ia 4500</leader>
   <controlfield tag="001">4708089</controlfield>
   <controlfield tag="005">20111122160048.0</controlfield>
   <controlfield tag="008">060425q18001912le            000 0 ara d</controlfield>
   <datafield ind1=" " ind2=" " tag="035">
      <subfield code="a">(OCoLC)ocm67617952</subfield>
   </datafield>
   <datafield ind1=" " ind2=" " tag="040">
      <subfield code="a">PUL</subfield>
      <subfield code="c">PUL</subfield>
      <subfield code="e">amremm</subfield>
   </datafield>
   <datafield ind1=" " ind2=" " tag="043">
      <subfield code="a">n-us-nj</subfield>
      <subfield code="a">a-le---</subfield>
   </datafield>
   <datafield ind1=" " ind2=" " tag="049">
      <subfield code="a">PULL</subfield>
   </datafield>
   <datafield ind1="1" ind2=" " tag="100">
      <subfield code="6">880-01</subfield>
      <subfield code="a">Khālidī, Aḥmad ibn Muḥammad,</subfield>
      <subfield code="d">d. 1624 or 5</subfield>
   </datafield>
   <datafield ind1="1" ind2="0" tag="245">
      <subfield code="6">880-02</subfield>
      <subfield code="a">Tārīkh al-Amīr Fakhr al-Dīn al-Maʻnī.</subfield>
   </datafield>
   <datafield ind1=" " ind2=" " tag="260">
      <subfield code="a">Dayr al-Qamar,</subfield>
      <subfield code="c">[between 1800 and 1912]</subfield>
   </datafield>
   <datafield ind1=" " ind2=" " tag="300">
      <subfield code="a">134 leaves :</subfield>
      <subfield code="b">paper ;</subfield>
      <subfield code="c">230 x 155 (167 x 107) mm. bound to 235 x 180 mm.</subfield>
   </datafield>
   <datafield ind1=" " ind2=" " tag="500">
      <subfield code="a">Title from rubric (fol. 1a).</subfield>
   </datafield>
   <datafield ind1=" " ind2=" " tag="500">
      <subfield code="a">The name of the author appears at the beginning of the text (fol. 1a), and on a modern spine label.</subfield>
   </datafield>
   <datafield ind1=" " ind2=" " tag="500">
      <subfield code="a">Ms. codex.</subfield>
   </datafield>
   <datafield ind1="8" ind2=" " tag="520">
      <subfield code="a">Chronicle of the reign of the Druze Amir Fakhr al-Din al-Maʻnī II (d. 1045/1635), covering the years 1021-1033/1612-1623.</subfield>
   </datafield>
   <datafield ind1=" " ind2=" " tag="500">
      <subfield code="a">20 to 24 long lines per page. Written in medium large naskh using black ink with headings and significant words in red. Glazed European paper. Horizontal catchwords on the verso of each leaf. Modern foliation in pencil using Western numerals. On fol. 1a, the first words of the lines are missing. These words are copied by a modern hand on the opposite endpaper. There are a few gaps in the text (see fol. 72a, 118b, 119b).</subfield>
   </datafield>
   <datafield ind1=" " ind2=" " tag="500">
      <subfield code="a">According to A. Rustum in his edition of this text, this manuscript has been copied and collated with another copy by ʻĪsā Ibrāhīm al-Maʻlūf in 1912.</subfield>
   </datafield>
   <datafield ind1=" " ind2=" " tag="500">
      <subfield code="a">Copied by Fransīs ibn Bū Najm Yūsuf Bū Naṣīr from Dayr al-Qamar of Ṣaydā (colophon, fol. 134b).</subfield>
   </datafield>
   <datafield ind1=" " ind2=" " tag="561">
      <subfield code="a">Acquired from Murād Bey Bārūdī, Beirut, 1925.</subfield>
   </datafield>
   <datafield ind1=" " ind2=" " tag="563">
      <subfield code="a">Brown leather over pasteboards. The upper and lower covers have a similar blind-tooled decoration: a central lozenge stamp with four pendants enclosed in an elaborate outer border formed of fillets and a running frame, with a vertical flower-on-stem motif in the inner corners of the border. The spine has been repaired. There are modern pastedowns and endpapers. Modern labels on the spine.</subfield>
   </datafield>
   <datafield ind1="4" ind2=" " tag="510">
      <subfield code="a">Hitti, P. Garrett coll.,</subfield>
      <subfield code="c">606</subfield>
   </datafield>
   <datafield ind1="4" ind2=" " tag="510">
      <subfield code="a">Brockelmann, C. GAL,</subfield>
      <subfield code="c">II, 289/3</subfield>
   </datafield>
   <datafield ind1="4" ind2=" " tag="510">
      <subfield code="a">Khālidī, Aḥmad ibn Muḥammad. Lubnān fī ʻahd al-Amīr Fakhr al-Dīn al-Maʻnī al-Thānī / ed. A. Rustum and F. al-Bustānī. Bayrūt, 1936,</subfield>
      <subfield code="c">p. يا-يب</subfield>
   </datafield>
   <datafield ind1=" " ind2=" " tag="541">
      <subfield code="c">Gift ;</subfield>
      <subfield code="a">Robert Garrett, Class of 1897 ;</subfield>
      <subfield code="d">1942.</subfield>
   </datafield>
   <datafield ind1="0" ind2="0" tag="600">
      <subfield code="a">Fakhr al-Dīn</subfield>
      <subfield code="b">II,</subfield>
      <subfield code="c">Emir of Lebanon,</subfield>
      <subfield code="d">1572-1635</subfield>
      <subfield code="v">Early works to 1800.</subfield>
   </datafield>
   <datafield ind1=" " ind2="0" tag="651">
      <subfield code="a">Lebanon</subfield>
      <subfield code="x">History</subfield>
      <subfield code="v">Early works to 1800.</subfield>
   </datafield>
   <datafield ind1=" " ind2="0" tag="650">
      <subfield code="a">Druzes</subfield>
      <subfield code="x">History</subfield>
      <subfield code="v">Early works to 1800.</subfield>
   </datafield>
   <datafield ind1=" " ind2="0" tag="650">
      <subfield code="a">Manuscripts, Arabic</subfield>
      <subfield code="z">New Jersey</subfield>
      <subfield code="z">Princeton.</subfield>
   </datafield>
   <datafield ind1=" " ind2="7" tag="655">
      <subfield code="a">Manuscripts, Arabic</subfield>
      <subfield code="z">Lebanon</subfield>
      <subfield code="z">Ṣaydā</subfield>
      <subfield code="z">Dayr al-Qamar.</subfield>
      <subfield code="2">lcsh</subfield>
   </datafield>
   <datafield ind1="1" ind2=" " tag="880">
      <subfield code="6">100-01//r</subfield>
      <subfield code="a">خالدي، احمد بن محمد</subfield>
   </datafield>
   <datafield ind1="1" ind2="0" tag="880">
      <subfield code="6">245-02//r</subfield>
      <subfield code="a">تأريخ الامير فخر الدين المعني</subfield>
   </datafield>
   <datafield ind1=" " ind2=" " tag="880">
      <subfield code="6">500-00//r</subfield>
      <subfield code="a">Opening: بسم... [...]ب تاريخ الامير فخر الدين المعنى تغمّده الله بالرحمة فاتحة الكتاب</subfield>
   </datafield>
   <datafield ind1=" " ind2=" " tag="880">
      <subfield code="6">500-00//r</subfield>
      <subfield code="a">Incipit: لمن جعل نظام العالم فضلا منه الى تصحيح معاش ابن [ادم] وقدّر الخير والشرّ على ما شاء من عباده [...]</subfield>
   </datafield>
   <datafield ind1=" " ind2=" " tag="880">
      <subfield code="6">500-00//r</subfield>
      <subfield code="a">Explicit: ما ياتى من مصطفى باشا الشام فيما ... وهذا اخر ما انتهى الينا من حوادث السنين المذكورة ونسيل الله تعالى ان يختم اعمالنا بالصالحات ... واحسانه فانه اكرم الاكرمين وارحم والحمد لله رب العالمين</subfield>
   </datafield>
   <datafield ind1="4" ind2="1" tag="856">
      <subfield code="u">http://arks.princeton.edu/ark:/88435/sf268516s</subfield>
   </datafield>
</record>