<record xmlns="http://www.loc.gov/MARC21/slim" xmlns:xsi="http://www.w3.org/2001/XMLSchema-instance">
   <leader>05048ctm a2200541Ia 4500</leader>
   <controlfield tag="001">4707756</controlfield>
   <controlfield tag="005">20120521130635.0</controlfield>
   <controlfield tag="008">060425s1461    xx            000 0 ara d</controlfield>
   <datafield ind1=" " ind2=" " tag="035">
      <subfield code="a">(OCoLC)ocm67613490</subfield>
   </datafield>
   <datafield ind1=" " ind2=" " tag="040">
      <subfield code="a">PUL</subfield>
      <subfield code="c">PUL</subfield>
      <subfield code="e">amremm</subfield>
   </datafield>
   <datafield ind1=" " ind2=" " tag="043">
      <subfield code="a">n-us-nj</subfield>
   </datafield>
   <datafield ind1=" " ind2=" " tag="049">
      <subfield code="a">PULL</subfield>
   </datafield>
   <datafield ind1="0" ind2=" " tag="100">
      <subfield code="6">880-01</subfield>
      <subfield code="a">Fārābī</subfield>
   </datafield>
   <datafield ind1="1" ind2="0" tag="240">
      <subfield code="6">880-02</subfield>
      <subfield code="a">Mūsīqá al-kabīr</subfield>
   </datafield>
   <datafield ind1="1" ind2="0" tag="245">
      <subfield code="6">880-03</subfield>
      <subfield code="a">Kitāb jalīl fī ʻilm al-mūsīqā wa-ʻilm al-taʾlīf wa-al-khawāṣṣ min ʻulūm al-falsafah al-naẓarīyah</subfield>
   </datafield>
   <datafield ind1="1" ind2=" " tag="246">
      <subfield code="6">880-04</subfield>
      <subfield code="i">Title given by Hitti, P. Garrett coll. :</subfield>
      <subfield code="a">al-Mudkhil ilá ṣināʻat al-mūsīqī</subfield>
   </datafield>
   <datafield ind1=" " ind2=" " tag="260">
      <subfield code="c">[1461].</subfield>
   </datafield>
   <datafield ind1=" " ind2=" " tag="300">
      <subfield code="a">ii, 104 leaves :</subfield>
      <subfield code="b">paper ; 262 x 177 (177 x 117) mm. bound to 265 x 187 mm.</subfield>
   </datafield>
   <datafield ind1=" " ind2=" " tag="500">
      <subfield code="a">Ms. codex.</subfield>
   </datafield>
   <datafield ind1=" " ind2=" " tag="500">
      <subfield code="a">Title from title page (fol. 1a).</subfield>
   </datafield>
   <datafield ind1=" " ind2=" " tag="500">
      <subfield code="a">The title on the title page is by a later hand. There is no mention of a title for the entire work in the text itself.</subfield>
   </datafield>
   <datafield ind1="8" ind2=" " tag="520">
      <subfield code="a">Treatise on musical theory and musical instruments, in three parts. This copy does not contain the section on the construction of the ʻūd.</subfield>
   </datafield>
   <datafield ind1=" " ind2=" " tag="500">
      <subfield code="a">21 long lines per page. Written in medium small naskh in black ink with use of red for entries, headings and diagrams. Glazed paper with horizontal laid lines visible ; frame-ruled (9 mm.). There are some collation notes and very few marginal notes. Catchwords on the verso of each leaf. Note on sound on fol. 104b. Foliation in black ink using Arabic numerals in the upper right corner of the verso of each leaf. Modern foliation in pencil using Western numerals.</subfield>
   </datafield>
   <datafield ind1=" " ind2=" " tag="500">
      <subfield code="a">Inscription on title page (fol. 1a): Note on content (number of leaves and quires, and titles of the main divisions of the text) corresponding to the foliation using Arabic numerals mentioned in the physical description; mention of the number of the leaves missing in another note by a later hand. Some leaves are indeed missing as shown by the catchwords (see fol. 30b-31a) and the missing numbers in the mentioned foliation.</subfield>
   </datafield>
   <datafield ind1=" " ind2=" " tag="500">
      <subfield code="a">Notes in pencil on the margin of some pages refering to J. P. N. Land. Recherches sur l'histoire de la gamme arabe. Tiré du vol. II des Travaux de la 6e session du Congrès international des Orientalistes à Leide. Leide: E:J: Brill, 1884.</subfield>
   </datafield>
   <datafield ind1=" " ind2=" " tag="500">
      <subfield code="a">Copied on 14 Rabīʻ al-Awwal 866 by Aḥmad ibn Muḥammad Isḥāq [---?] (colophon, fol. 104a).</subfield>
   </datafield>
   <datafield ind1="0" ind2=" " tag="505">
      <subfield code="a">1. fol. 5a-29b: al-Madkhal fī ṣināʻat al-mūsīqā.</subfield>
   </datafield>
   <datafield ind1="8" ind2=" " tag="505">
      <subfield code="a">2. fol. 30b-67b: Usṭuqsāt ʻilm al-taʾlīf.</subfield>
   </datafield>
   <datafield ind1="8" ind2=" " tag="505">
      <subfield code="a">3. fol. 68a-104a: Taʾlīf al-alḥān.</subfield>
   </datafield>
   <datafield ind1=" " ind2=" " tag="561">
      <subfield code="a">Ownership statements on fol. 1a. Acquired from Brill, Leyden, 1925, from the books of Murād Bey Bārūdī (Beirut).</subfield>
   </datafield>
   <datafield ind1=" " ind2=" " tag="563">
      <subfield code="a">Upper and lower covers and envelope flap made of brown leather over pasteboards. The endcap and fore-edge flap have been repaired. The upper and lower covers have a blind-stamped central scalloped medallion and an elaborate outer frame, formed of fillets and a running frame of palmettes. The inner corners of the frame are triangles demarcated by fillets forming the inner edge of the frame, and contain each three impressions of a circular stamp with a flower motif. The envelope flap has a more dense blind-stamped decoration. The block-pressed leather doublure is only visible on the envelope flap. Modern pastedowns and endpapers.</subfield>
   </datafield>
   <datafield ind1="4" ind2=" " tag="510">
      <subfield code="a">Hitti, P. Garrett coll.,</subfield>
      <subfield code="c">1984</subfield>
   </datafield>
   <datafield ind1="4" ind2=" " tag="510">
      <subfield code="a">Fārābī. Kitāb al-Mūsīqá al-kabīr. Ed. G. A. Khashaba. Cairo: Dār al-Kātib al-ʻArabī,</subfield>
      <subfield code="c">p. 31-32</subfield>
   </datafield>
   <datafield ind1="4" ind2=" " tag="510">
      <subfield code="a">Shiloah, A. The Theory of Music in Arabic writings (c. 900-1900) : descriptive catalogue of manuscripts in libraries of Europe and the U.S.A. Munchen: G. Henle Verlag, 1979,</subfield>
      <subfield code="c">no. 057/6</subfield>
   </datafield>
   <datafield ind1="4" ind2=" " tag="510">
      <subfield code="a">Farmer, H. G. The Sources of Arabic Music,</subfield>
      <subfield code="c">no. 159</subfield>
   </datafield>
   <datafield ind1=" " ind2=" " tag="541">
      <subfield code="c">Gift ;</subfield>
      <subfield code="a">Robert Garrett, Class of 1897 ;</subfield>
      <subfield code="d">1942.</subfield>
   </datafield>
   <datafield ind1=" " ind2="0" tag="650">
      <subfield code="a">Music theory</subfield>
      <subfield code="v">Early works to 1800.</subfield>
   </datafield>
   <datafield ind1=" " ind2="0" tag="650">
      <subfield code="a">Musical instruments</subfield>
      <subfield code="z">Arab countries</subfield>
      <subfield code="v">Early works to 1800.</subfield>
   </datafield>
   <datafield ind1=" " ind2="0" tag="650">
      <subfield code="a">Manuscripts, Arabic</subfield>
      <subfield code="z">New Jersey</subfield>
      <subfield code="z">Princeton.</subfield>
   </datafield>
   <datafield ind1=" " ind2="7" tag="655">
      <subfield code="a">Manuscripts, Arabic</subfield>
      <subfield code="y">15th century.</subfield>
      <subfield code="2">lcsh</subfield>
   </datafield>
   <datafield ind1="0" ind2=" " tag="880">
      <subfield code="6">100-01//r</subfield>
      <subfield code="a">فارابي</subfield>
   </datafield>
   <datafield ind1="1" ind2="0" tag="880">
      <subfield code="6">240-02//r</subfield>
      <subfield code="a">موسيقى الكبير</subfield>
   </datafield>
   <datafield ind1="1" ind2="0" tag="880">
      <subfield code="6">245-03//r</subfield>
      <subfield code="a">كتاب جليل في علم الموسيقا وعلم التأليف والخواص من علوم الفلسفة النظرية</subfield>
   </datafield>
   <datafield ind1="1" ind2=" " tag="880">
      <subfield code="6">246-04//r</subfield>
      <subfield code="a">المدخل الى صناعة الموسيقي</subfield>
   </datafield>
   <datafield ind1=" " ind2=" " tag="880">
      <subfield code="6">500-00//r</subfield>
      <subfield code="a">Incipit: بسم ... رب يسر واعن ذكرت تشوفك للنظر فيما يشتمل عليه صناعة علم الموسيقا المنسوبه الى القدما وسالتني ان اثبته(؟) لك في كتاب اولفه</subfield>
   </datafield>
   <datafield ind1=" " ind2=" " tag="880">
      <subfield code="6">500-00//r</subfield>
      <subfield code="a">Explicit: منها ما يستعمل في الامور التي هي جد ومنها ما شانها في دنياك و اخرتك والله اعلم بالصواب واليه المرجع والماب</subfield>
   </datafield>
   <datafield ind1="4" ind2="1" tag="856">
      <subfield code="u">http://arks.princeton.edu/ark:/88435/np193924q</subfield>
   </datafield>
</record>