<record xmlns="http://www.loc.gov/MARC21/slim" xmlns:xsi="http://www.w3.org/2001/XMLSchema-instance">
   <leader>03403ctm a2200433Ia 4500</leader>
   <controlfield tag="001">4733523</controlfield>
   <controlfield tag="005">20120531152831.0</controlfield>
   <controlfield tag="008">060523q12uu13uuxx            000 0 ara d</controlfield>
   <datafield ind1=" " ind2=" " tag="035">
      <subfield code="a">(OCoLC)ocm69186066</subfield>
   </datafield>
   <datafield ind1=" " ind2=" " tag="040">
      <subfield code="a">PUL</subfield>
      <subfield code="c">PUL</subfield>
      <subfield code="e">amremm</subfield>
   </datafield>
   <datafield ind1=" " ind2=" " tag="043">
      <subfield code="a">n-us-nj</subfield>
   </datafield>
   <datafield ind1=" " ind2=" " tag="049">
      <subfield code="a">PULL</subfield>
   </datafield>
   <datafield ind1="1" ind2=" " tag="100">
      <subfield code="6">880-01</subfield>
      <subfield code="a">Ḥumaydī, Muḥammad ibn Fattūḥ,</subfield>
      <subfield code="d">d. 1095.</subfield>
   </datafield>
   <datafield ind1="1" ind2="3" tag="245">
      <subfield code="6">880-02</subfield>
      <subfield code="a">[al-Jamʻ bayna al-Ṣaḥīḥayn].</subfield>
   </datafield>
   <datafield ind1=" " ind2=" " tag="260">
      <subfield code="c">[12--?]</subfield>
   </datafield>
   <datafield ind1=" " ind2=" " tag="300">
      <subfield code="a">138 leaves :</subfield>
      <subfield code="b">paper ;</subfield>
      <subfield code="c">260 x 180 (177 x 120) mm.</subfield>
   </datafield>
   <datafield ind1=" " ind2=" " tag="500">
      <subfield code="a">Ms. codex.</subfield>
   </datafield>
   <datafield ind1=" " ind2=" " tag="500">
      <subfield code="a">Title supplied by cataloger (following R. Mach, Yahuda).</subfield>
   </datafield>
   <datafield ind1=" " ind2=" " tag="500">
      <subfield code="a">The name of the author appears in the numbering of the quires as al-Ḥumaydī (see fol. 117a).</subfield>
   </datafield>
   <datafield ind1="8" ind2=" " tag="520">
      <subfield code="a">Collection of traditions, compiled from the Ṣaḥīḥ of Muslim and al-Bukhārī. Incomplete at the beginning and the end.</subfield>
   </datafield>
   <datafield ind1=" " ind2=" " tag="500">
      <subfield code="a">The copy begins with the last ḥadīths transmitted through Ibn ʻUmar, followed by the ḥadīths transmitted through Abū Ḥamzah (fol. 1a). It comprises the ḥadīths transmitted through ʻAbd Allāh ibn ʻAbbās (see fol. 59a), Abū ʻAbd al-Raḥmān ʻAbd Allāh ibn ʻUmar ibn al-Khaṭṭāb (fol. 70b), and the ḥadīths transmitted by Muslim through Companions of the Prophet such as ʻAbd al-Muṭallib ibn Rabīʻah (fol. 136a).</subfield>
   </datafield>
   <datafield ind1=" " ind2=" " tag="500">
      <subfield code="a">17 lines per page. Written in medium small naskh in black ink ; headings in a larger script. The text is vocalized. Light cream paper with laid lines visible (chain lines hardly visible on some leaves). Collation notes. Audition statements on some folio (see fol. 92b, 105b, 117b, 125b). Audition and collation statement signed by ʻAlī ibn Aḥmad al-Yūnīnī (fol. 1b and 119b; collated with a copy read in front of Ibn al-Ṣalāḥ). Some leaves are missing (see between fol. 8-9, 16-17, 24-25, 26-27, 36-37, 43-44, 45-46, 47-48, 50-51, 54-55, 59-60, 63-64, 70-71, 80-81, 86-87, 115-116, 125-126, 126-127). The quires are numbered in the form "al-rābiʻah ʻashrah min al-thānī min al-Ḥumaydī", see fol. 117a). Catchword on the verso of each leaf. Foliation in pencil using Western numerals.</subfield>
   </datafield>
   <datafield ind1=" " ind2=" " tag="561">
      <subfield code="a">Acquired from Abraham Shalom Yahuda, 1942.</subfield>
   </datafield>
   <datafield ind1=" " ind2=" " tag="563">
      <subfield code="a">Unbound.</subfield>
   </datafield>
   <datafield ind1="4" ind2=" " tag="510">
      <subfield code="a">Mach, R. Yahuda,</subfield>
      <subfield code="c">594</subfield>
   </datafield>
   <datafield ind1="4" ind2=" " tag="510">
      <subfield code="a">Brockelmann, C. GAL,</subfield>
      <subfield code="c">I, 338 (3/3)</subfield>
   </datafield>
   <datafield ind1="4" ind2=" " tag="510">
      <subfield code="a">Brockelmann, C. GAL,</subfield>
      <subfield code="c">SI, 578 (3/3)</subfield>
   </datafield>
   <datafield ind1=" " ind2=" " tag="541">
      <subfield code="c">Gift ;</subfield>
      <subfield code="a">Robert Garrett, Class of 1897 ;</subfield>
      <subfield code="d">1942.</subfield>
   </datafield>
   <datafield ind1=" " ind2="0" tag="650">
      <subfield code="a">Hadith</subfield>
      <subfield code="v">Texts</subfield>
      <subfield code="v">Early works to 1800.</subfield>
   </datafield>
   <datafield ind1=" " ind2="0" tag="650">
      <subfield code="a">Manuscripts, Arabic</subfield>
      <subfield code="z">New Jersey</subfield>
      <subfield code="z">Princeton.</subfield>
   </datafield>
   <datafield ind1=" " ind2="7" tag="655">
      <subfield code="a">Manuscripts, Arabic</subfield>
      <subfield code="y">13th century.</subfield>
      <subfield code="2">lcsh</subfield>
   </datafield>
   <datafield ind1="1" ind2="2" tag="700">
      <subfield code="a">Bukhārī, Muḥammad ibn Ismāʻīl,</subfield>
      <subfield code="d">810-870.</subfield>
      <subfield code="t">Jāmiʻ al-ṣaḥīḥ.</subfield>
      <subfield code="k">Selections.</subfield>
   </datafield>
   <datafield ind1="0" ind2="2" tag="700">
      <subfield code="a">Muslim ibn al-Ḥajjāj al-Qushayrī,</subfield>
      <subfield code="d">ca. 821-875.</subfield>
      <subfield code="t">Jāmiʻ al-ṣaḥīḥ.</subfield>
      <subfield code="k">Selections.</subfield>
   </datafield>
   <datafield ind1="1" ind2=" " tag="880">
      <subfield code="6">100-01//r</subfield>
      <subfield code="a">حميدي، محمد بن فتوح</subfield>
   </datafield>
   <datafield ind1="1" ind2="2" tag="880">
      <subfield code="6">245-02//r</subfield>
      <subfield code="a">[الجمع بين الصحيحين]</subfield>
   </datafield>
   <datafield ind1=" " ind2=" " tag="880">
      <subfield code="6">500-00//r</subfield>
      <subfield code="a">Incipit: هذا واطوعنا بعده اللهمّ انت الصاحب فى السفر والخليفة فى الاهل اللهمّ اى أعوذ بك من وعثاء السفر</subfield>
   </datafield>
   <datafield ind1=" " ind2=" " tag="880">
      <subfield code="6">500-00//r</subfield>
      <subfield code="a">Explicit: \\ وكانت عليك حُلّة وعليه حلّة فمسح رأسى وقال اللهمّ بارك فيه يا بن</subfield>
   </datafield>
   <datafield ind1="4" ind2="1" tag="856">
      <subfield code="u">http://arks.princeton.edu/ark:/88435/hx11xf31p</subfield>
   </datafield>
</record>