<record xmlns="http://www.loc.gov/MARC21/slim" xmlns:xsi="http://www.w3.org/2001/XMLSchema-instance">
   <leader>03590ctm a2200421Ia 4500</leader>
   <controlfield tag="001">5184576</controlfield>
   <controlfield tag="005">20120531153434.0</controlfield>
   <controlfield tag="008">070517s1453    ua            000 0 ara d</controlfield>
   <datafield ind1=" " ind2=" " tag="035">
      <subfield code="a">(OCoLC)ocn130043571</subfield>
   </datafield>
   <datafield ind1=" " ind2=" " tag="040">
      <subfield code="a">PUL</subfield>
      <subfield code="c">PUL</subfield>
      <subfield code="e">amremm</subfield>
   </datafield>
   <datafield ind1=" " ind2=" " tag="035">
      <subfield code="a">(OCoLC)130043571</subfield>
   </datafield>
   <datafield ind1=" " ind2=" " tag="043">
      <subfield code="a">n-us-nj</subfield>
      <subfield code="a">f-ua---</subfield>
   </datafield>
   <datafield ind1=" " ind2=" " tag="049">
      <subfield code="a">PULL</subfield>
   </datafield>
   <datafield ind1="1" ind2=" " tag="100">
      <subfield code="6">880-01</subfield>
      <subfield code="a">Miṣrī, Muḥammad ibn ʻAlī,</subfield>
      <subfield code="d">b. 1436.</subfield>
   </datafield>
   <datafield ind1="1" ind2="0" tag="245">
      <subfield code="a">[Thabat].</subfield>
   </datafield>
   <datafield ind1=" " ind2=" " tag="260">
      <subfield code="a">[Cairo?,</subfield>
      <subfield code="c">1453]</subfield>
   </datafield>
   <datafield ind1=" " ind2=" " tag="300">
      <subfield code="a">10 leaves :</subfield>
      <subfield code="b">paper ;</subfield>
      <subfield code="c">180 x 135 (120 x 95) mm.</subfield>
   </datafield>
   <datafield ind1=" " ind2=" " tag="500">
      <subfield code="a">Ms. codex.</subfield>
   </datafield>
   <datafield ind1=" " ind2=" " tag="500">
      <subfield code="a">Title supplied by cataloger, according to Mach, R. Yahuda.</subfield>
   </datafield>
   <datafield ind1="8" ind2=" " tag="520">
      <subfield code="a">Autograph thabat by Abū al-Yaman Muḥammad ibn ʻAlī ibn Ismaʻīl ibn ʻUmar ibn ʻAbd al-Raḥmān al-Miṣrī al-Qudsī (see fol. 4, l. 11-12) [b. 839/1436, see Sakhāwī, al-Daw al-lāmiʻ, vol. 8, 171], consisting of a list of books read, beginning with the Qurʼān in various readings, the Kitāb al-Taysīr by Abī ʻAmr al-Dānī, the Shāṭibīyah by Abū al-Qāsim al-Shāṭibī, etc. read with Abū al-ʻAbbās Aḥmad ibn Zayn al-Dīn Abī Bakr ... al-Qilqīlī al-Shāmī, known as al-Sikandarī, nazīl al-Jāmiʻ al-Azhar (fol. 5a) [757-857/1356-1453, see Sakhāwī, al-Daw al-lāmiʻ, vol. 1, p. 263-264], with an ijāzah, followed by two autograph attestations of this ijāzah, one from Jaʻfar ibn Ibrāhīm ibn Jaʻfar ibn Sulaymān ibn Hubayr ibn Jarīr ibn ... ibn Faḍl fāḍil al-Qarashī al-Maqarrī al-Sanhūrī al-Azharī, nazīl al-Diyār al-Miṣrīyah wa-al-Qāhirah, dated 19 Dhū al-Ḥijjah 857 (fol. 9a-10b) [ca. 810-894/1407-1489, see Sakhāwī, al-Daw al-lāmiʻ, vol. 3, p. 67-70], the other from ʻAlī ibn Yūsuf al-Jabartī (fol. 10b) [see Sakhāwī, al-Daw al-lāmiʻ, vol. 6, p. 53].</subfield>
   </datafield>
   <datafield ind1=" " ind2=" " tag="500">
      <subfield code="a">15 lines per page. Written in medium large naskh in black ink with use of red and green ink. Light cream paper with laid and chain lines and pulp visible. The text starts on fol. 2b.</subfield>
   </datafield>
   <datafield ind1=" " ind2=" " tag="500">
      <subfield code="a">Autograph dated Wednesday 17 Dhū al-Ḥijjah 857 [Dec. 19, 1453] (fol. 9a).</subfield>
   </datafield>
   <datafield ind1=" " ind2=" " tag="561">
      <subfield code="a">Acquired from Abraham Shalom Yahuda, 1942.</subfield>
   </datafield>
   <datafield ind1=" " ind2=" " tag="563">
      <subfield code="a">Unbound.</subfield>
   </datafield>
   <datafield ind1="4" ind2=" " tag="510">
      <subfield code="a">Mach, R. Yahuda,</subfield>
      <subfield code="c">46</subfield>
   </datafield>
   <datafield ind1=" " ind2=" " tag="541">
      <subfield code="c">Gift ;</subfield>
      <subfield code="a">Robert Garrett, Class of 1897 ;</subfield>
      <subfield code="d">1942.</subfield>
   </datafield>
   <datafield ind1="0" ind2="0" tag="600">
      <subfield code="a">Muḥammad ibn ʻAlī Abū al-Yaman,</subfield>
      <subfield code="d">b. 1436</subfield>
      <subfield code="x">Books and reading.</subfield>
   </datafield>
   <datafield ind1=" " ind2="0" tag="650">
      <subfield code="a">Muslim scholars</subfield>
      <subfield code="x">Certification</subfield>
      <subfield code="x">History</subfield>
      <subfield code="z">Egypt</subfield>
      <subfield code="z">Cairo</subfield>
      <subfield code="z">Jāmiʻ al-Azhar</subfield>
      <subfield code="y">15th century</subfield>
      <subfield code="v">Sources.</subfield>
   </datafield>
   <datafield ind1=" " ind2="0" tag="650">
      <subfield code="a">Muslim scholars</subfield>
      <subfield code="x">Certification</subfield>
      <subfield code="x">History</subfield>
      <subfield code="y">15th century</subfield>
      <subfield code="v">Sources.</subfield>
   </datafield>
   <datafield ind1="0" ind2="0" tag="630">
      <subfield code="a">Koran</subfield>
      <subfield code="x">Readings</subfield>
      <subfield code="x">Certification</subfield>
      <subfield code="x">History</subfield>
      <subfield code="z">Egypt</subfield>
      <subfield code="z">Cairo</subfield>
      <subfield code="z">Jāmiʻ al-Azhar</subfield>
      <subfield code="y">15th century</subfield>
      <subfield code="v">Sources.</subfield>
   </datafield>
   <datafield ind1=" " ind2="0" tag="650">
      <subfield code="a">Koran</subfield>
      <subfield code="x">Readings</subfield>
      <subfield code="x">Certification</subfield>
      <subfield code="x">History</subfield>
      <subfield code="y">15th century</subfield>
      <subfield code="v">Sources.</subfield>
   </datafield>
   <datafield ind1=" " ind2="0" tag="650">
      <subfield code="a">Manuscripts, Arabic</subfield>
      <subfield code="z">New Jersey</subfield>
      <subfield code="z">Princeton.</subfield>
   </datafield>
   <datafield ind1=" " ind2="7" tag="655">
      <subfield code="a">Manuscripts, Arabic</subfield>
      <subfield code="y">15th century.</subfield>
      <subfield code="2">lcsh</subfield>
   </datafield>
   <datafield ind1=" " ind2="7" tag="655">
      <subfield code="a">Manuscripts, Arabic</subfield>
      <subfield code="z">Egypt</subfield>
      <subfield code="z">Cairo</subfield>
      <subfield code="y">15th century.</subfield>
      <subfield code="2">lcsh</subfield>
   </datafield>
   <datafield ind1="1" ind2=" " tag="880">
      <subfield code="6">100-01/r</subfield>
      <subfield code="a">مصري، محمد بن علي</subfield>
   </datafield>
   <datafield ind1=" " ind2=" " tag="880">
      <subfield code="6">500-00/r</subfield>
      <subfield code="a">Incipit: الحمد لله الذى حعل الحمد لكتابه مفتاحا ولقلوب اوليائه مصباحا ... [3أ] ... وبعد فكتاب الله جليل كريم ... [4أ] وبعد يقول العبد الفقير ... ابو اليمن محمد بن على بن اسمعيل بن عمر بن عبد الرحمن المصرى ولدا والقدسى اصلا والشافعى مذهبا ... اننى قرات من اول فاتحة الكتاب العزيز</subfield>
   </datafield>
   <datafield ind1="4" ind2="1" tag="856">
      <subfield code="u">http://arks.princeton.edu/ark:/88435/d504rk397</subfield>
   </datafield>
</record>