<record xmlns="http://www.loc.gov/MARC21/slim" xmlns:xsi="http://www.w3.org/2001/XMLSchema-instance">
   <leader>04276ctm a2200481Ia 4500</leader>
   <controlfield tag="001">4785765</controlfield>
   <controlfield tag="005">20120531154357.0</controlfield>
   <controlfield tag="008">060622s1395    xx            000 0 ara d</controlfield>
   <datafield ind1=" " ind2=" " tag="035">
      <subfield code="a">(OCoLC)ocm70160220</subfield>
   </datafield>
   <datafield ind1=" " ind2=" " tag="040">
      <subfield code="a">PUL</subfield>
      <subfield code="c">PUL</subfield>
      <subfield code="e">amremm</subfield>
   </datafield>
   <datafield ind1=" " ind2=" " tag="043">
      <subfield code="a">n-us-nj</subfield>
   </datafield>
   <datafield ind1=" " ind2=" " tag="049">
      <subfield code="a">PULL</subfield>
   </datafield>
   <datafield ind1="1" ind2=" " tag="100">
      <subfield code="6">880-01</subfield>
      <subfield code="a">Bisṭāmī, Muḥammad ibn Aḥmad</subfield>
   </datafield>
   <datafield ind1="1" ind2="0" tag="240">
      <subfield code="6">880-02</subfield>
      <subfield code="a">Tadhkirat al-murīd li-ṭalab al-mazīd</subfield>
   </datafield>
   <datafield ind1="1" ind2="0" tag="245">
      <subfield code="6">880-03</subfield>
      <subfield code="a">Kitāb Tadhkirat al-murīd li-ṭalab al-mazīd /</subfield>
      <subfield code="c">lil-shaykh al-imām al-ʻālim al-ʻāmil al-ʻallāmah waḥīd dahrihi wa-farīd ʻaṣrihi al-ʻārif al-muḥaqqiq al-murshid al-kāmil murshid al-sālikīn wa-murabbī al-ṭālibīn sayyidī al-shaykh Shams al-Dīn Muḥammad ibn Aḥmad ibn Muḥammad ibn Abī al-Fatḥ ibn Abī Sālim ibn Abī ʻAbd Allāh al-Aṭʻānī al-Bisṭāmī.</subfield>
   </datafield>
   <datafield ind1="1" ind2=" " tag="246">
      <subfield code="6">880-04</subfield>
      <subfield code="i">Other title in Brockelmann, C. GAL:</subfield>
      <subfield code="a">Tadhkirat al-murīd al-ṭālib al-mazīd</subfield>
   </datafield>
   <datafield ind1=" " ind2=" " tag="260">
      <subfield code="c">[1395]</subfield>
   </datafield>
   <datafield ind1=" " ind2=" " tag="300">
      <subfield code="a">65 leaves :</subfield>
      <subfield code="b">paper ;</subfield>
      <subfield code="c">180 x 138 (133 x 96) mm. bound to 180 x 140 mm.</subfield>
   </datafield>
   <datafield ind1=" " ind2=" " tag="500">
      <subfield code="a">Ms. codex.</subfield>
   </datafield>
   <datafield ind1=" " ind2=" " tag="500">
      <subfield code="a">Title from title page (fol. 2a).</subfield>
   </datafield>
   <datafield ind1="8" ind2=" " tag="520">
      <subfield code="a">Treatise on Sufism comprising an introduction, eleven chapers (bāb) and a conclusion (see table of content fol. 2b-3a), completed in 797/1395 (GAL).</subfield>
   </datafield>
   <datafield ind1=" " ind2=" " tag="500">
      <subfield code="a">The name of the author appears in the colophon as: "Muḥammad ibn Aḥmad ibn Muḥammad al-Ḥalabī muwalladan bi-Ibn al-Aṭʻānī mushtaharan al-Bisṭāmī ṭarīqatan wa-mashraban" (fol. 62a).</subfield>
   </datafield>
   <datafield ind1=" " ind2=" " tag="500">
      <subfield code="a">19 lines per page. Written in medium small naskh in black ink with use of red. Fol. 14-18 are written vertically, and seem to be added between fol. 13 and 19 (see catchword on fol. 13b). Dark cream glazed paper with laid lines and chain lines (grouped by three?) visible. Marginal notes. Inscriptions on fol. 1a-2a. Note on the date of the death of the author and of two of his disciples on fol. 62a. On fol. 62b-65a: short texts, inscriptions, prayers and amulets. Ownership statement in the margin of fol. 3a. Foliation in pencil using Western numerals (faulty).</subfield>
   </datafield>
   <datafield ind1=" " ind2=" " tag="500">
      <subfield code="a">According to the title page (fol. 2a), this is an autograph, dated Wednesday 14 Rajab 797 ("muntaṣif shahr Rajab", colophon, fol. 62a)</subfield>
   </datafield>
   <datafield ind1=" " ind2=" " tag="500">
      <subfield code="a">Collation: Paper : fol. 65 ; 1¹⁰ 2¹⁰ (+ fol. 14-18) 3-5¹⁰ 6⁸ + fol. 64-65 (endpapers, wiith inscriptions) ; catchword on the verso of each leaf. The quires are numbered using Arabic ordinals (in the form "sādis", see fol. 56). Small circular mark on the upper corner of some pages (see fol. 53a-b, 54a).</subfield>
   </datafield>
   <datafield ind1=" " ind2=" " tag="561">
      <subfield code="a">Acquired from Abraham Shalom Yahuda, 1942.</subfield>
   </datafield>
   <datafield ind1=" " ind2=" " tag="563">
      <subfield code="a">Stiffened brown leather, with a blind-stamped central mandorla and an outer frame of two fillets. Rebacked.</subfield>
   </datafield>
   <datafield ind1="4" ind2=" " tag="510">
      <subfield code="a">Mach, R. Yahuda,</subfield>
      <subfield code="c">2795</subfield>
   </datafield>
   <datafield ind1="4" ind2=" " tag="510">
      <subfield code="a">Brockelmann, C. GAL,</subfield>
      <subfield code="c">II, 120 (12/1)</subfield>
   </datafield>
   <datafield ind1="4" ind2=" " tag="510">
      <subfield code="a">Brockelmann, C. GAL,</subfield>
      <subfield code="c">SII, 149 (12/1)</subfield>
   </datafield>
   <datafield ind1=" " ind2=" " tag="541">
      <subfield code="c">Gift ;</subfield>
      <subfield code="a">Robert Garrett, Class of 1897 ;</subfield>
      <subfield code="d">1942.</subfield>
   </datafield>
   <datafield ind1=" " ind2="0" tag="650">
      <subfield code="a">Sūfī literature</subfield>
      <subfield code="v">Early works to 1800.</subfield>
   </datafield>
   <datafield ind1=" " ind2="0" tag="650">
      <subfield code="a">Manuscripts, Arabic</subfield>
      <subfield code="z">New Jersey</subfield>
      <subfield code="z">Princeton.</subfield>
   </datafield>
   <datafield ind1=" " ind2="7" tag="655">
      <subfield code="a">Manuscripts, Arabic</subfield>
      <subfield code="y">14th century.</subfield>
      <subfield code="2">lcsh</subfield>
   </datafield>
   <datafield ind1=" " ind2="7" tag="655">
      <subfield code="a">Autographs (manuscripts)</subfield>
      <subfield code="z">Islamic Empire</subfield>
      <subfield code="z">14th century.</subfield>
      <subfield code="2">aat</subfield>
   </datafield>
   <datafield ind1="1" ind2=" " tag="880">
      <subfield code="6">100-01/r</subfield>
      <subfield code="a">بسطامي، محمد بن احمد</subfield>
   </datafield>
   <datafield ind1="1" ind2="0" tag="880">
      <subfield code="6">240-02/r</subfield>
      <subfield code="a">تذكرة المريد لطلب المزيد</subfield>
   </datafield>
   <datafield ind1="1" ind2="0" tag="880">
      <subfield code="6">245-03/r</subfield>
      <subfield code="a">كتاب تذكرة المريد لطلب المزيد</subfield>
   </datafield>
   <datafield ind1="1" ind2=" " tag="880">
      <subfield code="6">246-04/r</subfield>
      <subfield code="a">تذكرة المريد الطالب المزيد</subfield>
   </datafield>
   <datafield ind1=" " ind2=" " tag="880">
      <subfield code="6">500-00/r</subfield>
      <subfield code="a">Incipit: بسم ... الحمد لله وسلام على عباده الذين اصطفى و الصلاه ... اما بعد اعلموا ايها المريدون الصادقون والاخوان الفقرا البسطاميون نوّر الله قلوبكم بنولر هدايته انَّ صدق طلبكم حرّك عندى ان اكتب لكم رسالةً</subfield>
   </datafield>
   <datafield ind1=" " ind2=" " tag="880">
      <subfield code="6">500-00/r</subfield>
      <subfield code="a">Explicit: وان يرزقنى العمل بما كتبت ولا يجعله حجةً علىَّ وان يجعله خالصا لوجهه الكريم وان ينفعنى به وجميع اجبابى وجميع المسلمين تمت الرسالة</subfield>
   </datafield>
   <datafield ind1="4" ind2="1" tag="856">
      <subfield code="u">http://arks.princeton.edu/ark:/88435/8c97kq470</subfield>
   </datafield>
</record>