<record xmlns="http://www.loc.gov/MARC21/slim" xmlns:xsi="http://www.w3.org/2001/XMLSchema-instance">
   <leader>02844ctm a2200505Ia 4500</leader>
   <controlfield tag="001">4862600</controlfield>
   <controlfield tag="005">20120531154916.0</controlfield>
   <controlfield tag="008">061004s1607    xx a          000 0 ara d</controlfield>
   <datafield ind1=" " ind2=" " tag="035">
      <subfield code="a">(OCoLC)ocm71839109</subfield>
   </datafield>
   <datafield ind1=" " ind2=" " tag="040">
      <subfield code="a">PUL</subfield>
      <subfield code="c">PUL</subfield>
      <subfield code="e">amremm</subfield>
   </datafield>
   <datafield ind1=" " ind2=" " tag="043">
      <subfield code="a">n-us-nj</subfield>
   </datafield>
   <datafield ind1=" " ind2=" " tag="049">
      <subfield code="a">PULL</subfield>
   </datafield>
   <datafield ind1="1" ind2=" " tag="100">
      <subfield code="6">880-01</subfield>
      <subfield code="a">Ṣūfī, ʻAbd al-Raḥmān ibn ʻUmar,</subfield>
      <subfield code="d">903-986.</subfield>
   </datafield>
   <datafield ind1="1" ind2="0" tag="245">
      <subfield code="6">880-02</subfield>
      <subfield code="a">Ṣuwar al-kawākib.</subfield>
   </datafield>
   <datafield ind1="1" ind2=" " tag="246">
      <subfield code="6">880-03</subfield>
      <subfield code="i">Title in Mach, R. Yahuda:</subfield>
      <subfield code="a">Ṣuwar al-samāʼ</subfield>
   </datafield>
   <datafield ind1="1" ind2=" " tag="246">
      <subfield code="6">880-04</subfield>
      <subfield code="i">Other title in GAL:</subfield>
      <subfield code="a">Kitāb al-Kawākib al-thābitah</subfield>
   </datafield>
   <datafield ind1=" " ind2=" " tag="260">
      <subfield code="c">[1607]</subfield>
   </datafield>
   <datafield ind1=" " ind2=" " tag="300">
      <subfield code="a">44 leaves :</subfield>
      <subfield code="b">paper, ill. ;</subfield>
      <subfield code="c">305 x 208 (220 x 155) mm. bound to 305 x 230 mm.</subfield>
   </datafield>
   <datafield ind1=" " ind2=" " tag="500">
      <subfield code="a">Ms. codex.</subfield>
   </datafield>
   <datafield ind1=" " ind2=" " tag="500">
      <subfield code="a">Title supplied by cataloger.</subfield>
   </datafield>
   <datafield ind1="8" ind2=" " tag="520">
      <subfield code="a">Description of the constellations, with drawings.</subfield>
   </datafield>
   <datafield ind1=" " ind2=" " tag="500">
      <subfield code="a">41 lines per page. Written in thick medium small naskh in black ink with use of red. Contains drawings. European glazed paper with watermark. Some illustrations are reproduced on a separate piece of paper (see between fol. 7 and 8) or on the opposite blank fol. (see fol. 40b-41a). Between fol. 39 and 40: Original fol. 39bis, cut on the edges, with loss of text. On fol. 1a: Inscription.</subfield>
   </datafield>
   <datafield ind1=" " ind2=" " tag="500">
      <subfield code="a">According to the colophon, copied on 4 Ramaḍān 1015 (fol. 40b).</subfield>
   </datafield>
   <datafield ind1=" " ind2=" " tag="561">
      <subfield code="a">Reading statement in the name of Ibrāhīm ibn al-Shaykh Muḥammad, Jumādá al-Ulá 1114 [1702] (fol. 43b). Acquired from Abraham Shalom Yahuda, 1942.</subfield>
   </datafield>
   <datafield ind1=" " ind2=" " tag="563">
      <subfield code="a">Conserved and rebound in Preservation office 2007.</subfield>
   </datafield>
   <datafield ind1="4" ind2=" " tag="510">
      <subfield code="a">Mach, R. Yahuda,</subfield>
      <subfield code="c">4871.</subfield>
   </datafield>
   <datafield ind1="4" ind2=" " tag="510">
      <subfield code="a">Brockelmann, C. GAL,</subfield>
      <subfield code="c">I, 223 (11/1)</subfield>
   </datafield>
   <datafield ind1="4" ind2=" " tag="510">
      <subfield code="a">Brockelmann, C. GAL,</subfield>
      <subfield code="c">SI, 398 (11/1)</subfield>
   </datafield>
   <datafield ind1=" " ind2=" " tag="541">
      <subfield code="c">Gift ;</subfield>
      <subfield code="a">Robert Garrett, Class of 1897 ;</subfield>
      <subfield code="d">1942.</subfield>
   </datafield>
   <datafield ind1=" " ind2="0" tag="650">
      <subfield code="a">Constellations</subfield>
      <subfield code="v">Atlases</subfield>
      <subfield code="v">Early works to 1800.</subfield>
   </datafield>
   <datafield ind1=" " ind2="0" tag="650">
      <subfield code="a">Constellations</subfield>
      <subfield code="v">Pictorial works</subfield>
      <subfield code="v">Early works to 1800.</subfield>
   </datafield>
   <datafield ind1=" " ind2="0" tag="650">
      <subfield code="a">Constellations</subfield>
      <subfield code="x">Names</subfield>
      <subfield code="v">Early works to 1800.</subfield>
   </datafield>
   <datafield ind1=" " ind2="0" tag="650">
      <subfield code="a">Stars</subfield>
      <subfield code="x">Names</subfield>
      <subfield code="v">Early works to 1800.</subfield>
   </datafield>
   <datafield ind1=" " ind2="0" tag="650">
      <subfield code="a">Astronomy, Arab</subfield>
      <subfield code="v">Early works to 1800.</subfield>
   </datafield>
   <datafield ind1=" " ind2="0" tag="650">
      <subfield code="a">Manuscripts, Arabic</subfield>
      <subfield code="z">New Jersey</subfield>
      <subfield code="z">Princeton.</subfield>
   </datafield>
   <datafield ind1=" " ind2="7" tag="655">
      <subfield code="a">Manuscripts, Arabic</subfield>
      <subfield code="y">17th century.</subfield>
      <subfield code="2">lcsh</subfield>
   </datafield>
   <datafield ind1="1" ind2=" " tag="880">
      <subfield code="6">100-01/r</subfield>
      <subfield code="a">صوفي، عبد الرحمن بن عمر</subfield>
   </datafield>
   <datafield ind1="1" ind2="0" tag="880">
      <subfield code="6">245-02/r</subfield>
      <subfield code="a">صور الكواكب</subfield>
   </datafield>
   <datafield ind1="1" ind2=" " tag="880">
      <subfield code="6">246-03/r</subfield>
      <subfield code="a">صور السماء</subfield>
   </datafield>
   <datafield ind1="1" ind2=" " tag="880">
      <subfield code="6">246-04/r</subfield>
      <subfield code="a">كتاب الكواكب الثابتة</subfield>
   </datafield>
   <datafield ind1=" " ind2=" " tag="880">
      <subfield code="6">500-00/r</subfield>
      <subfield code="a">Incipit: قال عبد الرحمن ابن عمر المكني بابي الحسن الصوفي بعد ان حمد الله ... انّي رايت كثيراً من الناس يخوضون في طلب معرفة الكواكب</subfield>
   </datafield>
   <datafield ind1=" " ind2=" " tag="880">
      <subfield code="6">500-00/r</subfield>
      <subfield code="a">Explicit: صورة الحوط الجنوبي</subfield>
   </datafield>
   <datafield ind1="4" ind2="1" tag="856">
      <subfield code="u">http://arks.princeton.edu/ark:/88435/z603qx459</subfield>
   </datafield>
   <datafield ind1="4" ind2="1" tag="856">
      <subfield code="u">http://arks.princeton.edu/ark:/88435/4m90dv55s</subfield>
   </datafield>
</record>