<record xmlns="http://www.loc.gov/MARC21/slim" xmlns:xsi="http://www.w3.org/2001/XMLSchema-instance">
   <leader>20487ctm a2202017Ia 4500</leader>
   <controlfield tag="001">5027529</controlfield>
   <controlfield tag="005">20120521145006.0</controlfield>
   <controlfield tag="008">070122s1765    xx            000 0 ara d</controlfield>
   <datafield ind1=" " ind2=" " tag="035">
      <subfield code="a">(OCoLC)ocm79473786</subfield>
   </datafield>
   <datafield ind1=" " ind2=" " tag="040">
      <subfield code="a">PUL</subfield>
      <subfield code="c">PUL</subfield>
      <subfield code="e">amremm</subfield>
   </datafield>
   <datafield ind1=" " ind2=" " tag="043">
      <subfield code="a">n-us-nj</subfield>
   </datafield>
   <datafield ind1=" " ind2=" " tag="049">
      <subfield code="a">PULL</subfield>
   </datafield>
   <datafield ind1="1" ind2=" " tag="100">
      <subfield code="6">880-01</subfield>
      <subfield code="a">Abū al-Saʻūd Muḥammad ibn Muḥammad,</subfield>
      <subfield code="d">1492 or 3-1574 or 5.</subfield>
   </datafield>
   <datafield ind1="1" ind2="0" tag="245">
      <subfield code="6">880-02</subfield>
      <subfield code="a">Fatwá. Risālat al-Naqshbandīyah ... [etc.].</subfield>
   </datafield>
   <datafield ind1=" " ind2=" " tag="260">
      <subfield code="c">[1765 or 1766]</subfield>
   </datafield>
   <datafield ind1=" " ind2=" " tag="300">
      <subfield code="a">iii, 256, ii leaves:</subfield>
      <subfield code="b">paper ;</subfield>
      <subfield code="c">205 x 155 (157 x 80) mm. bound to 208 x 160 mm.</subfield>
   </datafield>
   <datafield ind1=" " ind2=" " tag="500">
      <subfield code="a">Ms. codex.</subfield>
   </datafield>
   <datafield ind1="8" ind2=" " tag="520">
      <subfield code="a">Elegant copy of several texts in Arabic and Ottoman Turkish, on religious topics.</subfield>
   </datafield>
   <datafield ind1=" " ind2=" " tag="500">
      <subfield code="a">Title provided by cataloger.</subfield>
   </datafield>
   <datafield ind1=" " ind2=" " tag="500">
      <subfield code="a">20 to 21 lines per page. Written in small nastaʻlīq in black ink with use of red. Glazed European paper with watermark. Fol. 19 dyed in yellow. The paper has been frame-ruled. The text is framed within a gold and black border. In the texts in verses, verses are separated by gold borders (see fol. 87a). Illuminated headpices (ʻunwān) and divisions of the page with a floral motif in gold, pink, red green and white (fol. 2a, 4b, 12b, 17b, etc.). Hāshiyah written in a minaret shaped border on the margin of fol. 12b. Inscription in Arabic script on a label pasted on the upper cover: "Majmaʻ". Inscription in Arabic script on a label pasted on the pastedown of the upper cover: "Ḥāʼ 208/2".</subfield>
   </datafield>
   <datafield ind1=" " ind2=" " tag="500">
      <subfield code="a">Some texts are copied by ʻAbd al-Qādir, one of the disciples (tilmīdh) of Abū Bakr al-Marāshid in 1179 H. [1765 or 6] (fol. 161a). Others by Muḥammad ibn Aḥmad Khalīfah (Mehmet Halife) , known as Qurrah faqīh al-Lārandī [from Lārandah (Larende or Karaman), in Anatolia], in 1180 H. [1766 or 7] (fol. 208b).</subfield>
   </datafield>
   <datafield ind1=" " ind2=" " tag="563">
      <subfield code="a">Brown leather over thin paper pasteboard for upper and lower covers. Both covers have a central mandorla and an outer frame made of gold painted fillets.</subfield>
   </datafield>
   <datafield ind1=" " ind2=" " tag="561">
      <subfield code="a">From the books of Aḥmad Najīb (note on fol. 1a). Acquired from Abraham Shalom Yahuda, 1942.</subfield>
   </datafield>
   <datafield ind1="0" ind2=" " tag="505">
      <subfield code="a">1. fol. 1a: [Table of contents].</subfield>
   </datafield>
   <datafield ind1="8" ind2=" " tag="505">
      <subfield code="a">2. fol. 2a: [Verses of poetry by Fuzulî-i Bağdâdî, Nazârî Efendi and Ilmî Efendi, with mention of the dates of events such as the death of Kemalpaşazade, al-Sayyid al-Sharīf (al-Jurjānī), Jāmī, etc.].</subfield>
   </datafield>
   <datafield ind1="8" ind2=" " tag="505">
      <subfield code="a">3. fol. 2b-3a: [Blank].</subfield>
   </datafield>
   <datafield ind1="8" ind2=" " tag="505">
      <subfield code="a">4. fol. 3b-4b: [Several short excerpts].</subfield>
   </datafield>
   <datafield ind1="8" ind2=" " tag="505">
      <subfield code="a">5. fol. 5a: [Blank].</subfield>
   </datafield>
   <datafield ind1="8" ind2=" " tag="505">
      <subfield code="a">6. fol. 5b-8a: Fatwá Abū al-Suʻūd Afandī [in Ottoman Turkish] / [Muḥammad ibn Muḥammad] Abū al-Saʻūd [Title in table of contents: Risālah fī al-afʻāl al-ikhtiyārah].</subfield>
   </datafield>
   <datafield ind1="8" ind2=" " tag="505">
      <subfield code="a">7. fol. 8b-12a: [Blank].</subfield>
   </datafield>
   <datafield ind1="8" ind2=" " tag="505">
      <subfield code="a">8. fol. 12b-15a: Risālat al-Naqshbandīyah / [Muḥammad ibn Muṣṭafá al-]Khādimī.</subfield>
   </datafield>
   <datafield ind1="8" ind2=" " tag="505">
      <subfield code="a">9. fol. 15b-17a: [Blank].</subfield>
   </datafield>
   <datafield ind1="8" ind2=" " tag="505">
      <subfield code="a">10. fol. 17b-43b: Waṣāyā / Abū Saʻīd Muḥammad ibn al-Shaykh Muṣṭafá al-Khādimī.</subfield>
   </datafield>
   <datafield ind1="8" ind2=" " tag="505">
      <subfield code="a">11. fol. 44a-45b: [Blank].</subfield>
   </datafield>
   <datafield ind1="8" ind2=" " tag="505">
      <subfield code="a">12. fol. 46a: Nuktah sabʻah ḥākim fī waqt sabʻah [at the end of the page: Min al-Sabʻīyāt].</subfield>
   </datafield>
   <datafield ind1="8" ind2=" " tag="505">
      <subfield code="a">13. fol. 46b-48b: [Several short texts in Arabic and Ottoman Turkish, some excerpted from Tafsīr al-Qāḍī al-Bayḍawī].</subfield>
   </datafield>
   <datafield ind1="8" ind2=" " tag="505">
      <subfield code="a">14. fol. 49a-55a: [Verses attributed to ʻAlī ibn Abī Ṭālib, ʻUmar ibn al-Khaṭṭāb, Fāṭimah al-Zahrāʼ, etc.].</subfield>
   </datafield>
   <datafield ind1="8" ind2=" " tag="505">
      <subfield code="a">15. fol. 55b-56a: Risālah fī bayān iṣṭilāḥāt ahl al-ḥadīth [Title in table of contents: Muṣṭalaḥāt ahl al-ḥadīth; Definitions of several terms, starting with "mawqūf", "munqaṭaʻ", "muʻaḍḍal"].</subfield>
   </datafield>
   <datafield ind1="8" ind2=" " tag="505">
      <subfield code="a">16. fol. 56b-57a: [Blank].</subfield>
   </datafield>
   <datafield ind1="8" ind2=" " tag="505">
      <subfield code="a">17. fol. 57b: Taskhīr-i kabīr or Taskhīr-i qulūb [Short text describing how to read a verse of the Fātiḥah each day of the week. On the margin, mention of al-Shaykh al-Karkhī].</subfield>
   </datafield>
   <datafield ind1="8" ind2=" " tag="505">
      <subfield code="a">18. fol. 58a: [Blank].</subfield>
   </datafield>
   <datafield ind1="8" ind2=" " tag="505">
      <subfield code="a">19. fol. 58b-59b: Ṭabaqāt al-tābiʻīn min Kitāb al-Itqān fī ʻulūm al-Qurʼān / Jalāl al-Dīn al-Suyūṭī.</subfield>
   </datafield>
   <datafield ind1="8" ind2=" " tag="505">
      <subfield code="a">20. fol. 60a: [Blank].</subfield>
   </datafield>
   <datafield ind1="8" ind2=" " tag="505">
      <subfield code="a">21. fol. 60b-62b: [Several prayers, some for travelers, attributed to Sayyid ʻAlīʹzādah Aḥmad, Abū al-Suʻūd, al-Zamakhsharī, al-Shaykh Burhān al-Dīn al-Biqāʻī].</subfield>
   </datafield>
   <datafield ind1="8" ind2=" " tag="505">
      <subfield code="a">22. fol. 63a-66a: [Blank].</subfield>
   </datafield>
   <datafield ind1="8" ind2=" " tag="505">
      <subfield code="a">23. fol. 66b-67a: [Risālah fī bayān ṭabaqāt al-masāʼil] / ʻAlī Çelebi Efendi Hayâlîzade (or: Hayânîzade) [Title supplied according to ms. Leiden, 1884, with author: ʻAlī Çelebi Qinālīzāda; title in table of contents: Ṭabaqāt al-fuqahāʼ li-Hayâlî Zade ʻAlī Çelebi; title in Mach, R. Yahuda: Risālah fī taḥqīq anwāʻ al-masāʼil ʻinda al-Ḥanafīyah; see GAL II, 433/10].</subfield>
   </datafield>
   <datafield ind1="8" ind2=" " tag="505">
      <subfield code="a">24. fol. 67b: [Blank].</subfield>
   </datafield>
   <datafield ind1="8" ind2=" " tag="505">
      <subfield code="a">25. fol. 68a: Fī ziyādat al-ʻumr wa-nuqṣānihi bi-al-ʻamal / Ibn al-Kamāl.</subfield>
   </datafield>
   <datafield ind1="8" ind2=" " tag="505">
      <subfield code="a">26. fol. 68b: [Blank].</subfield>
   </datafield>
   <datafield ind1="8" ind2=" " tag="505">
      <subfield code="a">27. fol. 69a-92b: [Several short texts in prose and verse, comprising a Qaṣīdah li-Abī ʻAlī Ibn Sīnā fī majiʼ al-rūḥ bi-al-qālib(?); several short texts and ḥadith commenting on the meaning of some words and on questions related to exegesis, excerpted from al-Sabʻīyāt, Sharḥ al-Mawāqif, Sharḥ-i Kāfīyah, Sharḥ al-Kashshāf, Firdaws al-akhbār, etc., and attributed to Saʻd al-Dīn, Ibn Kamāl (fī --? al-Tajrīd), al-Sayyid al-Sharīf, ʻImād Kātibī, Jawharī, Ḥasan Çelebi, etc.; a text explaining what a mufassir should know (fol. 70b); questions and answers in Ottoman Turkish attributed to Abū al-Saʻūd (fol. 75a-78b); Waṣiyat Jalāl al-Dīn al-Rūmī (fol. 79b; four lines); Munājāt Shaykh Muḥyī al-Dīn ʻArabī (fol. 79b; six lines); a text mentioning the names of the Aṣḥāb al-Kahf; a text "fī quṭb al-athwāb" (fol. 81a); prayers and duʻaʼ, some in verses, and other verses of poetry attributed to Zayn al-Dīn al-Wardī, Ghars al-Dīn ibn Khalīl, al-Ṣalāḥ al-Ṣafadī, Ḥusām al-Dīn al-Ḥājirī, Abū al-Faraj al-Waʼwaʼ, Abū al-Fatḥ al-Bustī, ʻAbd al-Raḥmān al-Suhaylī, al-Imām al-Nūrī (or al-Ghazālī, praising the Fātiḥah), al-Ghazālī in the Iḥyāʼ, Ṣadr al-Dīn al-Wakīl, Munājāt of Shihāb al-Dīn (fol. 89b), al-Shāfiʻī, Saʻd al-Dīn, Abū Bakr Muḥammad ibn Sābiq, Ibn Rāwandī, ʻAlī, Ibn Fāris al-Lughawī, Abū Ismaʻīl, etc. (fol. 81b-92b); talisman on fol. 91a].</subfield>
   </datafield>
   <datafield ind1="8" ind2=" " tag="505">
      <subfield code="a">28. fol. 93a-94a: Waṣiyatʹnāmah / Mullā Khosraw.</subfield>
   </datafield>
   <datafield ind1="8" ind2=" " tag="505">
      <subfield code="a">29. fol. 94a-b: [Several ḥadīth].</subfield>
   </datafield>
   <datafield ind1="8" ind2=" " tag="505">
      <subfield code="a">30. fol. 95a: [Blank].</subfield>
   </datafield>
   <datafield ind1="8" ind2=" " tag="505">
      <subfield code="a">31. fol. 95b-97b: Mā ruwiya ʻan Ibn ʻAbbās fī tartīb al-anbiyāʼ.</subfield>
   </datafield>
   <datafield ind1="8" ind2=" " tag="505">
      <subfield code="a">32. fol. 98a: [Names of the pre-Islamic Kings, from the Kitāb Bidāyat al-nihāyah, in Ottoman Turkish].</subfield>
   </datafield>
   <datafield ind1="8" ind2=" " tag="505">
      <subfield code="a">33. fol. 98b-139a: Jāmiʻ al-laṭāʼif wa-kāshif al-asrār / Ḥusayn ibn Ḥasan al-Samarqandī [Title in table of contents: Tārīkh ṣaghīr al-musammá bi-Jāmiʻ al-laṭāʼif; title in Mach, R. Yahuda, following Kashf al-ẓunūn: Laṭāʼif al-afkār wa-kāshif al-asrār; the date Rabīʻ I 991 [1583] is mentioned at the end of the text].</subfield>
   </datafield>
   <datafield ind1="8" ind2=" " tag="505">
      <subfield code="a">34. fol. 139b-141b: [Blank].</subfield>
   </datafield>
   <datafield ind1="8" ind2=" " tag="505">
      <subfield code="a">35. fol. 142a-150a: Kitāb ʻUrf al-taʻrīf bi-al-mawlid al-sharīf / lil-Imām al-ʻallāmah al-shaykh Shams al-Dīn Muḥammad ibn Muḥammad ibn Muḥammad al-Jazarī.</subfield>
   </datafield>
   <datafield ind1="8" ind2=" " tag="505">
      <subfield code="a">36. fol. 150b-151a: [Blank].</subfield>
   </datafield>
   <datafield ind1="8" ind2=" " tag="505">
      <subfield code="a">37. fol. 151b-161a: Kitāb al-Indhār bi-wafāt al-nabī al-muṣṭafá al-mukhtār / lil-Shaykh al-imām al-ʻālim al-ʻāmil al-shaykh al-muḥaqqiqīn ʻAbd al-Raḥmān ibn Dāʼūd al-Ḥanbalī al-Dimashqī al-Ṣāliḥī [Title in table of contents: al-Risālah al-mutaʻallaqah bi-wafāt al-Nabī ṣallá Allāh ʻalay-hi wa-sallam].</subfield>
   </datafield>
   <datafield ind1="8" ind2=" " tag="505">
      <subfield code="a">38. fol. 161b-164a: [Blank].</subfield>
   </datafield>
   <datafield ind1="8" ind2=" " tag="505">
      <subfield code="a">39. fol. 164b-169a: [Risālat al-saqīfah] / [Abū Ḥayyān al-Tawḥīdī] [Title in table of contents: Risālah fī ḥaqq al-khulafā bi-[---?] al-Nabī ṣallá Allāh ʻalay-hi wa-sallam].</subfield>
   </datafield>
   <datafield ind1="8" ind2=" " tag="505">
      <subfield code="a">40. fol. 169b-170b: Risālah fī aḥkām al-sabb / [Ḥusayn ibn ʻAbd al-Raḥmān Ḥusām Çelebi] [Title in Mach, R. Yahuda: Risālah fī sabb al-Nabī].</subfield>
   </datafield>
   <datafield ind1="8" ind2=" " tag="505">
      <subfield code="a">41. fol. 170b: Waṣiyat al-Sayyid al-Sharīf.</subfield>
   </datafield>
   <datafield ind1="8" ind2=" " tag="505">
      <subfield code="a">42. fol. 171a-183b: Kitāb al-Munabbihāt li-istiʻdād yawm al-mīʻād / Ibn Ḥajar al-ʻAsqalānī [Title in table of contents: Munabbihāt li-Ibn Ḥajar; title in Mach, R. Yahuda: al-Munabbihāt ʻalá al-istiʻdād li-yawm al-maʻād].</subfield>
   </datafield>
   <datafield ind1="8" ind2=" " tag="505">
      <subfield code="a">43. fol. 184a: Qaṣīdah / li-Mawlānā Ibn Kamāl Pāshā.</subfield>
   </datafield>
   <datafield ind1="8" ind2=" " tag="505">
      <subfield code="a">44. fol. 184b-186b, l. 5: [Fiqh al-Kaydānī (or: Maṭālib al-muṣallī)] / [Luṭf Allāh al-Kaydānī] [Title in table of contents: Risālah fī anwāʻ al-mashrūʻāt fī ākhirihi Ṭabaqāt al-mujtahidīn li-Ibn Kamāl; see Mach, R. Yahuda, no. 1732].</subfield>
   </datafield>
   <datafield ind1="8" ind2=" " tag="505">
      <subfield code="a">45. fol. 186b, l. 5-187a: [Risālah fī ṭabaqāt al-fuqahāʼ] / Ibn Kamāl Pāshā [Title in table of contents: Ṭabaqāt al-mujtahidīn li-Ibn Kamāl].</subfield>
   </datafield>
   <datafield ind1="8" ind2=" " tag="505">
      <subfield code="a">46. fol. 187b-188a: Risālah fī jawāz al-dhikr al-jahrī wa-istijābih / al-muʼallif Bustān al-ʻārifīn [Title in table of contents: Risālah fī ḥaqq jawāz al-dhikr al-jahrī li-Bustān al-ʻārifīn].</subfield>
   </datafield>
   <datafield ind1="8" ind2=" " tag="505">
      <subfield code="a">47. fol. 188b-190b: Risālah fī al-aḥādīth al-wāridah fī ḥuqūq al-zawj ʻalá al-zawj [sic] bi-al-riwāyah al-ṣaḥīḥah [Title in table of contents: Risālah fī al-aḥādīth al-wāridah fī ḥuqūq al-zawj ʻalá al-zawjah], followed by an excerpt from Mukhtār al-Ṣaḥīḥ and from Tafsīr al-Qāḍī al-Bayḍawī.</subfield>
   </datafield>
   <datafield ind1="8" ind2=" " tag="505">
      <subfield code="a">48. fol. 191a-193a: [Short texts in Ottoman Turkish and in Arabic on dhikr].</subfield>
   </datafield>
   <datafield ind1="8" ind2=" " tag="505">
      <subfield code="a">49. fol. 193b-196b: [Several short excerpts in Ottoman Turkish on the Kalimat al-tawḥīd].</subfield>
   </datafield>
   <datafield ind1="8" ind2=" " tag="505">
      <subfield code="a">50. fol. 197a: [Blank].</subfield>
   </datafield>
   <datafield ind1="8" ind2=" " tag="505">
      <subfield code="a">51. fol. 197b-206b: [Anonymous commentary on al-ʻAḍudīyah; Title at the beginning of text: Risālah sharīfah lil-Qādī ʻAḍud muʼallif al-Mawāqif; title at the end of text: al-Risālah al-sharīfah fī al-akhlāq; title in table of contents: al-Akhlāq al-ʻAḍudīyah; title in Mach, R. Yahuda: Sharḥ al-ʻAḍudīyah fī al-akhlāq].</subfield>
   </datafield>
   <datafield ind1="8" ind2=" " tag="505">
      <subfield code="a">52. fol. 206b-207b: Risālah fī labs al-maṣbūgh [title from table of contents].</subfield>
   </datafield>
   <datafield ind1="8" ind2=" " tag="505">
      <subfield code="a">53. fol. 207b-208a: Sharḥ ʻAlī al-Qārī.</subfield>
   </datafield>
   <datafield ind1="8" ind2=" " tag="505">
      <subfield code="a">54. fol. 208a-b: al-Marātib al-khams al-qalbīyah [title from table of contents] / ʻAbd al-Salām, known as Başmakcızade, written in 1164-1165 H. [1751] (colophon, fol. 208b).</subfield>
   </datafield>
   <datafield ind1="8" ind2=" " tag="505">
      <subfield code="a">55. fol. 209a: [Short saying attributed to Ibn Sīnā on girls of different ages, starting with: "Bint ʻashr lūz muqashsharah naẓarahā al-nāẓirīn")].</subfield>
   </datafield>
   <datafield ind1="8" ind2=" " tag="505">
      <subfield code="a">56. fol. 209b-214a: [Three short texts in Arabic and Ottoman Turkish, on the Qurʼān and ḥadīth, ending with an excerpt from Kitāb al-ʻaql wa-al-naql by Taqī al-Dīn, quoting Aḥmad ibn Qāsim al-ʻIbādī, entitled in the table of contents "Man yuḥkam bi-kufrihi wa-man lā yuḥkam lil-Qāsim al-ʻIbādī"].</subfield>
   </datafield>
   <datafield ind1="8" ind2=" " tag="505">
      <subfield code="a">57. fol. 214b-216b: Risālah fī ḥaqq al-Khiḍr ʻalayhi al-salām [incomplete at end] / [ʻAlī ibn Sulṭān Muḥammad al-Qārī al-Harawī] [Title in table of contents: al-Risālah al-Khidrīyah; title in Mach, R. Yahuda: Kashf al-khidr ʻan amr al-Khiḍr].</subfield>
   </datafield>
   <datafield ind1="8" ind2=" " tag="505">
      <subfield code="a">58. fol. 217a-219a: [Blank].</subfield>
   </datafield>
   <datafield ind1="8" ind2=" " tag="505">
      <subfield code="a">59. fol. 219b-254a: Risālah min ʻilm al-muḥādarah / Maḥmūd ibn Muḥammad [Title from table of contents; title in Mach, R. Yahuda: Laṭāʼif al-ishārāt fī al-muḥāḍarāt wa-al-muḥāwarāt]. According to Ḥājjī Khalīfah, Kashf al-ẓunūn col. 533 (s. v. Jālib al-surūr) and col. 1551 (s.v. Laṭāʼif...), this is an abridgment of Jālib al-surūr wa-sālib al-ghurūr of Muḥammad ibn ʻAlī al-Qarabāghī, d. 942/1535: Brockelmann, GAL, II, 566 (2), S II, 638; Chester Beatty Library: A handlist of the Arabic manuscripts, 5239. Identical with Muḥādarāt wa-muḥāwarāt, Brockelmann, GAL, S II, 57 (11a), Arabic manuscripts in the Yale University Library, 463.</subfield>
   </datafield>
   <datafield ind1="4" ind2=" " tag="510">
      <subfield code="a">Mach, R. Yahuda,</subfield>
      <subfield code="c">120, 574, 698, 1348, 1732, 1996, 2123, 2909, 2936, 2979, 4289, 4298, 4404, 4524, 4530, 4555, 4600, 4656</subfield>
   </datafield>
   <datafield ind1=" " ind2=" " tag="541">
      <subfield code="c">Gift ;</subfield>
      <subfield code="a">Robert Garrett, Class of 1897 ;</subfield>
      <subfield code="d">1942.</subfield>
   </datafield>
   <datafield ind1="1" ind2="0" tag="600">
      <subfield code="6">880-03</subfield>
      <subfield code="a">Ījī, ʻAḍud al-Dīn ʻAbd al-Raḥmān ibn Aḥmad,</subfield>
      <subfield code="d">d. 1355?</subfield>
      <subfield code="t">Akhlāq al-ʻaḍudīyah.</subfield>
   </datafield>
   <datafield ind1="0" ind2="0" tag="600">
      <subfield code="a">Muḥammad,</subfield>
      <subfield code="c">Prophet,</subfield>
      <subfield code="d">d. 632</subfield>
      <subfield code="v">Biography</subfield>
      <subfield code="v">Early works to 1800.</subfield>
   </datafield>
   <datafield ind1="1" ind2="0" tag="600">
      <subfield code="6">880-04</subfield>
      <subfield code="a">Ibn al-Jazarī, Muḥammad ibn Muḥammad,</subfield>
      <subfield code="d">1350-1429.</subfield>
      <subfield code="t">Taʻrīf bi-al-mawlid al-sharīf.</subfield>
      <subfield code="k">Abridgment.</subfield>
   </datafield>
   <datafield ind1="0" ind2="0" tag="630">
      <subfield code="a">Koran.</subfield>
      <subfield code="p">Sūrat al-Fātiḥah</subfield>
      <subfield code="v">Early works to 1800.</subfield>
   </datafield>
   <datafield ind1=" " ind2="0" tag="650">
      <subfield code="a">Future life</subfield>
      <subfield code="x">Islam</subfield>
      <subfield code="v">Early works to 1800.</subfield>
   </datafield>
   <datafield ind1=" " ind2="0" tag="650">
      <subfield code="a">Sufi chants</subfield>
      <subfield code="v">Early works to 1800.</subfield>
   </datafield>
   <datafield ind1=" " ind2="0" tag="650">
      <subfield code="a">Naqshabandīyah</subfield>
      <subfield code="v">Early works to 1800.</subfield>
   </datafield>
   <datafield ind1=" " ind2="0" tag="650">
      <subfield code="a">Khiḍr (Legendary character)</subfield>
      <subfield code="v">Early works to 1800.</subfield>
   </datafield>
   <datafield ind1=" " ind2="0" tag="650">
      <subfield code="a">Hadith</subfield>
      <subfield code="x">Dictionaries</subfield>
      <subfield code="x">Arabic</subfield>
      <subfield code="v">Early works to 1800.</subfield>
   </datafield>
   <datafield ind1=" " ind2="0" tag="650">
      <subfield code="a">Travelers</subfield>
      <subfield code="v">Prayers and devotions</subfield>
      <subfield code="x">Islam</subfield>
      <subfield code="v">Early works to 1800.</subfield>
   </datafield>
   <datafield ind1=" " ind2="0" tag="650">
      <subfield code="6">880-05</subfield>
      <subfield code="a">Aṣḥāb al-kahf</subfield>
      <subfield code="x">Names</subfield>
      <subfield code="v">Early works to 1800.</subfield>
   </datafield>
   <datafield ind1=" " ind2="0" tag="650">
      <subfield code="a">Prophets</subfield>
      <subfield code="x">Islam</subfield>
      <subfield code="v">Early works to 1800.</subfield>
   </datafield>
   <datafield ind1=" " ind2="0" tag="650">
      <subfield code="a">Manuscripts, Arabic</subfield>
      <subfield code="z">New Jersey</subfield>
      <subfield code="z">Princeton.</subfield>
   </datafield>
   <datafield ind1=" " ind2="0" tag="650">
      <subfield code="a">Manuscripts, Turkish</subfield>
      <subfield code="z">New Jersey</subfield>
      <subfield code="z">Princeton.</subfield>
   </datafield>
   <datafield ind1=" " ind2="7" tag="655">
      <subfield code="a">Manuscripts, Arabic</subfield>
      <subfield code="y">18th century.</subfield>
      <subfield code="2">lcsh</subfield>
   </datafield>
   <datafield ind1=" " ind2="7" tag="655">
      <subfield code="a">Manuscripts, Turkish</subfield>
      <subfield code="y">18th century.</subfield>
      <subfield code="2">lcsh</subfield>
   </datafield>
   <datafield ind1=" " ind2="7" tag="655">
      <subfield code="a">Headpieces (layout features)</subfield>
      <subfield code="z">Islamic countries</subfield>
      <subfield code="y">18th century.</subfield>
      <subfield code="2">aat</subfield>
   </datafield>
   <datafield ind1=" " ind2="7" tag="655">
      <subfield code="a">Illuminated manuscripts</subfield>
      <subfield code="z">Islamic countries</subfield>
      <subfield code="y">18th century.</subfield>
      <subfield code="2">aat</subfield>
   </datafield>
   <datafield ind1="0" ind2="2" tag="700">
      <subfield code="6">880-06</subfield>
      <subfield code="a">Suyūṭī,</subfield>
      <subfield code="d">1445-1505.</subfield>
      <subfield code="t">Itqān fī ʻulūm al-Qurʼān.</subfield>
      <subfield code="k">Selections.</subfield>
   </datafield>
   <datafield ind1="1" ind2="2" tag="700">
      <subfield code="6">880-07</subfield>
      <subfield code="a">Ibn Ḥajar al-ʻAsqalānī, Aḥmad ibn ʻAlī,</subfield>
      <subfield code="d">1372-1449.</subfield>
      <subfield code="t">Munabbihāt li-istiʻdād yawm al-mīʻād.</subfield>
   </datafield>
   <datafield ind1="1" ind2="2" tag="700">
      <subfield code="6">880-08</subfield>
      <subfield code="a">Khādimī, Muḥammad ibn Muṣṭafá,</subfield>
      <subfield code="d">1701 or 2-1762 or 3.</subfield>
      <subfield code="t">Risālat al-Naqshbandīyah.</subfield>
   </datafield>
   <datafield ind1="1" ind2="2" tag="700">
      <subfield code="6">880-09</subfield>
      <subfield code="a">Khādimī, Muḥammad ibn Muṣṭafá,</subfield>
      <subfield code="d">1701 or 2-1762 or 3.</subfield>
      <subfield code="t">Waṣāyā.</subfield>
   </datafield>
   <datafield ind1="0" ind2="2" tag="700">
      <subfield code="6">880-10</subfield>
      <subfield code="a">Maḥmūd ibn Muḥammad,</subfield>
      <subfield code="d">15th cent.?</subfield>
      <subfield code="t">Laṭāʼif al-ishārāt fī al-muḥāḍarāt wa-al-muḥāwarāt.</subfield>
   </datafield>
   <datafield ind1="1" ind2="2" tag="700">
      <subfield code="6">880-11</subfield>
      <subfield code="a">Qārī al-Harawī, ʻAlī ibn Sulṭān Muḥammad,</subfield>
      <subfield code="d">d. 1605 or 6.</subfield>
      <subfield code="t">Ḥadhar fī amr al-Khaḍir.</subfield>
   </datafield>
   <datafield ind1="1" ind2="2" tag="700">
      <subfield code="6">880-12</subfield>
      <subfield code="a">Ibn Dāwūd, ʻAbd al-Raḥmān ibn Abī Bakr,</subfield>
      <subfield code="d">1380 or 81-1452.</subfield>
      <subfield code="t">Indhār bi-wafāt al-nabī al-muṣṭafá al-mukhtār.</subfield>
   </datafield>
   <datafield ind1="1" ind2="2" tag="700">
      <subfield code="6">880-13</subfield>
      <subfield code="a">Ibn al-Jazarī, Muḥammad ibn Muḥammad,</subfield>
      <subfield code="d">1350-1429.</subfield>
      <subfield code="t">ʻUrf al-taʻrīf bi-al-mawlid al-sharīf.</subfield>
   </datafield>
   <datafield ind1="1" ind2="2" tag="700">
      <subfield code="6">880-14</subfield>
      <subfield code="a">Abū Ḥayyān al-Tawḥīdī, ʻAlī ibn Muḥammad,</subfield>
      <subfield code="d">10th cent.</subfield>
      <subfield code="t">Risālat al-saqīfah.</subfield>
   </datafield>
   <datafield ind1="0" ind2="2" tag="700">
      <subfield code="6">880-15</subfield>
      <subfield code="a">Abū al-Saʻūd Muḥammad ibn Muḥammad,</subfield>
      <subfield code="d">1492 or 3-1574 or 5.</subfield>
      <subfield code="t">[Fatwá on free will and predestination].</subfield>
   </datafield>
   <datafield ind1="1" ind2="2" tag="700">
      <subfield code="6">880-16</subfield>
      <subfield code="a">Qinālīzādah, ʻAlī Zhalabī ibn Amr Allāh,</subfield>
      <subfield code="d">d. 1572.</subfield>
      <subfield code="t">Risālah fī bayān ṭabaqāt al-masāʼil.</subfield>
   </datafield>
   <datafield ind1="0" ind2="2" tag="700">
      <subfield code="6">880-17</subfield>
      <subfield code="a">Avicenna,</subfield>
      <subfield code="d">980-1037.</subfield>
      <subfield code="t">Qaṣīdah al-ʻaynīyah.</subfield>
      <subfield code="k">Selections.</subfield>
   </datafield>
   <datafield ind1="0" ind2="2" tag="700">
      <subfield code="6">880-18</subfield>
      <subfield code="a">Kemalpaşazade,</subfield>
      <subfield code="d">1468 or 9-1534.</subfield>
      <subfield code="t">Fī ziyādat al-ʻumr wa-nuqṣānihi bi-al-ʻamal.</subfield>
   </datafield>
   <datafield ind1="0" ind2="2" tag="700">
      <subfield code="6">880-19</subfield>
      <subfield code="a">Kemalpaşazade,</subfield>
      <subfield code="d">1468 or 9-1534.</subfield>
      <subfield code="t">Risālah fī ṭabaqāt al-fuqahāʼ.</subfield>
   </datafield>
   <datafield ind1="0" ind2="2" tag="700">
      <subfield code="6">880-20</subfield>
      <subfield code="a">Hüsrev,</subfield>
      <subfield code="c">Molla,</subfield>
      <subfield code="d">d. 1480.</subfield>
      <subfield code="t">Waṣiyatʹnāmah.</subfield>
   </datafield>
   <datafield ind1="1" ind2="2" tag="700">
      <subfield code="6">880-21</subfield>
      <subfield code="a">Jurjānī, ʻAlī ibn Muḥammad,</subfield>
      <subfield code="c">al-Sayyid al-Sharīf,</subfield>
      <subfield code="d">1340-1413.</subfield>
      <subfield code="t">Waṣiyah.</subfield>
   </datafield>
   <datafield ind1="1" ind2="2" tag="700">
      <subfield code="6">880-22</subfield>
      <subfield code="a">Samarqandī, Ḥusayn ibn Ḥasan,</subfield>
      <subfield code="d">16th cent.</subfield>
      <subfield code="t">Laṭāʼif al-afkār wa-kāshif al-asrār.</subfield>
   </datafield>
   <datafield ind1="0" ind2="2" tag="700">
      <subfield code="6">880-23</subfield>
      <subfield code="a">Hüsameddin Hüseyn Efendi,</subfield>
      <subfield code="d">d. 1519 or 20.</subfield>
      <subfield code="t">Risālah fī aḥkām al-sabb.</subfield>
   </datafield>
   <datafield ind1="0" ind2="2" tag="700">
      <subfield code="6">880-24</subfield>
      <subfield code="a">Kaydānī.</subfield>
      <subfield code="t">Fiqh-i Kaydānī.</subfield>
   </datafield>
   <datafield ind1="1" ind2="2" tag="700">
      <subfield code="6">880-25</subfield>
      <subfield code="a">Başmakcızade, ʻAbd al-Salām,</subfield>
      <subfield code="d">18th cent.</subfield>
      <subfield code="t">Marātib al-khams al-qalbīyah.</subfield>
   </datafield>
   <datafield ind1="0" ind2="2" tag="740">
      <subfield code="6">880-26</subfield>
      <subfield code="a">Fatwá Abū al-Suʻūd Afandī.</subfield>
   </datafield>
   <datafield ind1="0" ind2="2" tag="740">
      <subfield code="6">880-27</subfield>
      <subfield code="a">Risālah fī ḥaqq jawāz al-dhikr al-jahrī.</subfield>
   </datafield>
   <datafield ind1="0" ind2="2" tag="740">
      <subfield code="6">880-28</subfield>
      <subfield code="a">Risālah fī jawāz al-dhikr al-jahrī.</subfield>
   </datafield>
   <datafield ind1="0" ind2="2" tag="740">
      <subfield code="6">880-29</subfield>
      <subfield code="a">Risālah fī al-aḥādīth al-wāridah fī ḥuqūq al-zawj ʻalá al-zawjah.</subfield>
   </datafield>
   <datafield ind1="0" ind2="2" tag="740">
      <subfield code="6">880-30</subfield>
      <subfield code="a">Risālah fī labs al-maṣbūgh.</subfield>
   </datafield>
   <datafield ind1="0" ind2="2" tag="740">
      <subfield code="6">880-31</subfield>
      <subfield code="a">Risālah fī al-afʻāl al-ikhtiyārah.</subfield>
   </datafield>
   <datafield ind1="0" ind2="2" tag="740">
      <subfield code="6">880-32</subfield>
      <subfield code="a">Risālah fī bayān iṣṭilāḥāt ahl al-ḥadīth.</subfield>
   </datafield>
   <datafield ind1="0" ind2="2" tag="740">
      <subfield code="6">880-33</subfield>
      <subfield code="a">Muṣṭalaḥāt ahl al-ḥadīth.</subfield>
   </datafield>
   <datafield ind1="0" ind2="2" tag="740">
      <subfield code="6">880-34</subfield>
      <subfield code="a">Taskhīr-i kabīr.</subfield>
   </datafield>
   <datafield ind1="0" ind2="2" tag="740">
      <subfield code="6">880-35</subfield>
      <subfield code="a">Taskhīr-i qulūb.</subfield>
   </datafield>
   <datafield ind1="0" ind2="2" tag="740">
      <subfield code="6">880-36</subfield>
      <subfield code="a">Risālah fī sabb al-Nabī.</subfield>
   </datafield>
   <datafield ind1="1" ind2=" " tag="880">
      <subfield code="6">100-01/r</subfield>
      <subfield code="a">ابو السعود محمد بن محمد</subfield>
   </datafield>
   <datafield ind1="1" ind2="0" tag="880">
      <subfield code="6">245-02/r</subfield>
      <subfield code="a">فتوى. رسالة النقشبندية</subfield>
   </datafield>
   <datafield ind1="1" ind2="0" tag="880">
      <subfield code="6">600-03/r</subfield>
      <subfield code="a">ايجي، عضد الدين عبد الرحمن بن احمد</subfield>
      <subfield code="t">اخلاق العضدية</subfield>
   </datafield>
   <datafield ind1="1" ind2="0" tag="880">
      <subfield code="6">600-04/r</subfield>
      <subfield code="a">ابن الجزري، محمد بن محمد</subfield>
      <subfield code="t">تعريف بالمول الشريف</subfield>
   </datafield>
   <datafield ind1=" " ind2="0" tag="880">
      <subfield code="6">650-05/r</subfield>
      <subfield code="a">اصحاب الكهف</subfield>
   </datafield>
   <datafield ind1="0" ind2="2" tag="880">
      <subfield code="6">700-06/r</subfield>
      <subfield code="a">سيوطي</subfield>
      <subfield code="t">اتقان في علوم القرآن</subfield>
   </datafield>
   <datafield ind1="1" ind2="2" tag="880">
      <subfield code="6">700-07/r</subfield>
      <subfield code="a">ابن حجر العسقلاني، احمد بن علي</subfield>
      <subfield code="t">منبهات لاستعداد يوم الميعاد</subfield>
   </datafield>
   <datafield ind1="1" ind2="2" tag="880">
      <subfield code="6">700-08/r</subfield>
      <subfield code="a">خادمي، محمد بن مصطفى</subfield>
      <subfield code="t">رسالة النقشبندية</subfield>
   </datafield>
   <datafield ind1="1" ind2="2" tag="880">
      <subfield code="6">700-09/r</subfield>
      <subfield code="a">خادمي، محمد بن مصطفى</subfield>
      <subfield code="t">وصايا</subfield>
   </datafield>
   <datafield ind1="0" ind2="2" tag="880">
      <subfield code="6">700-10/r</subfield>
      <subfield code="a">محمود بن محمد</subfield>
      <subfield code="t">لطائف الاشارات في المحاضرات والمحاورات</subfield>
   </datafield>
   <datafield ind1="1" ind2="2" tag="880">
      <subfield code="6">700-11/r</subfield>
      <subfield code="a">قاري الهروي، علي بن سلطان محمد</subfield>
      <subfield code="t">حذر في امر الخضر</subfield>
   </datafield>
   <datafield ind1="1" ind2="2" tag="880">
      <subfield code="6">700-12/r</subfield>
      <subfield code="a">ابن داوود، عبد الرحمن بن ابي بكر</subfield>
      <subfield code="t">انذار بوفات النبي المصطفى المختار</subfield>
   </datafield>
   <datafield ind1="1" ind2="2" tag="880">
      <subfield code="6">700-13/r</subfield>
      <subfield code="a">ابن الجزري، محمد بن محمد</subfield>
      <subfield code="t">عرف التعريف بالمول الشريف</subfield>
   </datafield>
   <datafield ind1="1" ind2="2" tag="880">
      <subfield code="6">700-14/r</subfield>
      <subfield code="a">ابو حيان التوحيدي، علي بن محمد</subfield>
      <subfield code="t">رسالة السقيفة</subfield>
   </datafield>
   <datafield ind1="0" ind2="2" tag="880">
      <subfield code="6">700-15/r</subfield>
      <subfield code="a">ابو السعود محمد بن محمد</subfield>
   </datafield>
   <datafield ind1="1" ind2="2" tag="880">
      <subfield code="6">700-16/r</subfield>
      <subfield code="a">قناليزادة، علي چلبي بن امر الله</subfield>
      <subfield code="t">رسالة في بيان طبقات المسائل</subfield>
   </datafield>
   <datafield ind1="0" ind2="2" tag="880">
      <subfield code="6">700-17/r</subfield>
      <subfield code="a">ابن سينا</subfield>
      <subfield code="t">قصيدة العينية</subfield>
   </datafield>
   <datafield ind1="0" ind2="2" tag="880">
      <subfield code="6">700-18/r</subfield>
      <subfield code="a">كمال باشا</subfield>
      <subfield code="t">في زيادة العمر ونقصانه بالعمل</subfield>
   </datafield>
   <datafield ind1="0" ind2="2" tag="880">
      <subfield code="6">700-19/r</subfield>
      <subfield code="a">كمال باشا</subfield>
      <subfield code="t">رسالة في طبقات الفقهاء</subfield>
   </datafield>
   <datafield ind1="0" ind2="2" tag="880">
      <subfield code="6">700-20/r</subfield>
      <subfield code="a">خسرو</subfield>
      <subfield code="c">ملا</subfield>
      <subfield code="t">وصيت نامه</subfield>
   </datafield>
   <datafield ind1="1" ind2="2" tag="880">
      <subfield code="6">700-21/r</subfield>
      <subfield code="a">جرجاني، علي بن محمد،</subfield>
      <subfield code="c">السيد الشريف</subfield>
      <subfield code="t">وصية</subfield>
   </datafield>
   <datafield ind1="1" ind2="2" tag="880">
      <subfield code="6">700-22/r</subfield>
      <subfield code="a">سمرقندي، حسين بن حسن</subfield>
      <subfield code="t">لطائف الافكار وكاشف الاسرار</subfield>
   </datafield>
   <datafield ind1="0" ind2="2" tag="880">
      <subfield code="6">700-23/r</subfield>
      <subfield code="a">حسام الدين حسين افندى</subfield>
      <subfield code="t">رسالة فى احكام السب</subfield>
   </datafield>
   <datafield ind1="0" ind2="2" tag="880">
      <subfield code="6">700-24/r</subfield>
      <subfield code="a">كيداني</subfield>
      <subfield code="t">فقه كيداني</subfield>
   </datafield>
   <datafield ind1="1" ind2="2" tag="880">
      <subfield code="6">700-25/r</subfield>
      <subfield code="a">بشمقجى زاده عبد السلام</subfield>
      <subfield code="t">مراتب الخمس القلبية</subfield>
   </datafield>
   <datafield ind1="0" ind2="2" tag="880">
      <subfield code="6">740-26/r</subfield>
      <subfield code="a">فتوى ابو السعود افندي</subfield>
   </datafield>
   <datafield ind1="0" ind2="2" tag="880">
      <subfield code="6">740-27/r</subfield>
      <subfield code="a">رسالة في حق جواز الذكر الجهري</subfield>
   </datafield>
   <datafield ind1="0" ind2="2" tag="880">
      <subfield code="6">740-28/r</subfield>
      <subfield code="a">رسالة في جواز الذكر الجهري</subfield>
   </datafield>
   <datafield ind1="0" ind2="2" tag="880">
      <subfield code="6">740-29/r</subfield>
      <subfield code="a">رسالة في الاحاديث الواردة في حقوق الزوج على الزوجة</subfield>
   </datafield>
   <datafield ind1="0" ind2="2" tag="880">
      <subfield code="6">740-30/r</subfield>
      <subfield code="a">رسالة في لبس المصبوغ</subfield>
   </datafield>
   <datafield ind1="0" ind2="2" tag="880">
      <subfield code="6">740-31/r</subfield>
      <subfield code="a">رسالة في الافعال الاختيارة</subfield>
   </datafield>
   <datafield ind1="0" ind2="2" tag="880">
      <subfield code="6">740-32/r</subfield>
      <subfield code="a">رسالة في بيان اصطلاحات اهل الحديث</subfield>
   </datafield>
   <datafield ind1="0" ind2="2" tag="880">
      <subfield code="6">740-33/r</subfield>
      <subfield code="a">مصطلحات اهل الحديث</subfield>
   </datafield>
   <datafield ind1="0" ind2="2" tag="880">
      <subfield code="6">740-34/r</subfield>
      <subfield code="a">تسخير كبير</subfield>
   </datafield>
   <datafield ind1="0" ind2="2" tag="880">
      <subfield code="6">740-35/r</subfield>
      <subfield code="a">تسخير قلوب</subfield>
   </datafield>
   <datafield ind1="0" ind2="2" tag="880">
      <subfield code="6">740-36/r</subfield>
      <subfield code="a">رسالة في سب النبي</subfield>
   </datafield>
   <datafield ind1="4" ind2="1" tag="856">
      <subfield code="u">http://arks.princeton.edu/ark:/88435/0v8380633</subfield>
   </datafield>
</record>