<record xmlns="http://www.loc.gov/MARC21/slim" xmlns:xsi="http://www.w3.org/2001/XMLSchema-instance">
   <leader>06294ctm a2200913Ia 4500</leader>
   <controlfield tag="001">4824394</controlfield>
   <controlfield tag="005">20120521152013.0</controlfield>
   <controlfield tag="008">060821m18181824iq            000 0 ara d</controlfield>
   <datafield ind1=" " ind2=" " tag="035">
      <subfield code="a">(OCoLC)ocm70999260</subfield>
   </datafield>
   <datafield ind1=" " ind2=" " tag="040">
      <subfield code="a">PUL</subfield>
      <subfield code="c">PUL</subfield>
      <subfield code="e">amremm</subfield>
   </datafield>
   <datafield ind1=" " ind2=" " tag="043">
      <subfield code="a">n-us-nj</subfield>
      <subfield code="a">a-iq---</subfield>
   </datafield>
   <datafield ind1=" " ind2=" " tag="049">
      <subfield code="a">PULL</subfield>
   </datafield>
   <datafield ind1="1" ind2=" " tag="100">
      <subfield code="a">Bahbahānī, Muḥammad Bāqir ibn Muḥammad Akmal,</subfield>
      <subfield code="d">1706 or 7-1791 or 2.</subfield>
   </datafield>
   <datafield ind1="1" ind2="3" tag="245">
      <subfield code="a">al-Fawāʼid al-Ḥāʼirīyah ; Risālah fī al-istiṣḥāb ... [etc.].</subfield>
   </datafield>
   <datafield ind1=" " ind2=" " tag="260">
      <subfield code="a">[Karbalāʼ,</subfield>
      <subfield code="c">1818-1824].</subfield>
   </datafield>
   <datafield ind1=" " ind2=" " tag="300">
      <subfield code="a">i, 292, i leaves :</subfield>
      <subfield code="b">paper ;</subfield>
      <subfield code="c">211 x 142 (145 x 82 ; 155x110 ; 145 x 90) mm. bound to 211 x 150 mm.</subfield>
   </datafield>
   <datafield ind1=" " ind2=" " tag="500">
      <subfield code="a">Ms. codex.</subfield>
   </datafield>
   <datafield ind1=" " ind2=" " tag="500">
      <subfield code="a">Title supplied by cataloger.</subfield>
   </datafield>
   <datafield ind1="8" ind2=" " tag="520">
      <subfield code="a">Collection of texts on Shiʻī law, mostly by Aḥmad ibn Ibrāhīm al-Baḥrānī (d. 1719), written by the same hand.</subfield>
   </datafield>
   <datafield ind1=" " ind2=" " tag="500">
      <subfield code="a">21 to 22 lines per page. Fol. 249b-292b: 12 lines per page. Most texts are written in small naskh in black ink, apparently by the same hand. European glazed paper with watermark. Fol. 1 is a fly-leaf, with inscription. Ownership statements on fol. 2a. Foliation in pencil using Western numerals.</subfield>
   </datafield>
   <datafield ind1=" " ind2=" " tag="500">
      <subfield code="a">There are several notes which mention that these texts were copied at the request of Jaʻfar Muḥammad Kāẓim in Mashhad Ḥusayn [Karbalāʼ] in 1239 (see fol. 2a, with seal), 1234 (fol. 63a, 77a), 1236 (fol. 249a).</subfield>
   </datafield>
   <datafield ind1=" " ind2=" " tag="561">
      <subfield code="a">Acquired from Abraham Shalom Yahuda, 1942.</subfield>
   </datafield>
   <datafield ind1=" " ind2=" " tag="563">
      <subfield code="a">Upper and lower covers made of clear brown leather over paper pasteboards, with two blind-tooled fillets encompassing an inner border made of a single blind-tooled fillet.</subfield>
   </datafield>
   <datafield ind1="0" ind2=" " tag="505">
      <subfield code="a">1. fol. 2b-52a: al-Fawāʼid al-Ḥāʼirīyah / Muḥammad Bāqir Bahbahānī (d. 1791 or 2).</subfield>
   </datafield>
   <datafield ind1="8" ind2=" " tag="505">
      <subfield code="a">2. fol. 52b-54b: [Blank].</subfield>
   </datafield>
   <datafield ind1="8" ind2=" " tag="505">
      <subfield code="a">3. fol. 55a-61a: Risālah fī al-istiṣḥāb / Muḥammad Bāqir Bahbahānī (d. 1791 or 2).</subfield>
   </datafield>
   <datafield ind1="8" ind2=" " tag="505">
      <subfield code="a">4. fol. 61b-62b: [Blank].</subfield>
   </datafield>
   <datafield ind1="8" ind2=" " tag="505">
      <subfield code="a">5. fol. 63a-77a: Risālat Muqaddimat al-wājib / Muḥammad Sharīf Mazandarānī (d. 1829 or 30)</subfield>
   </datafield>
   <datafield ind1="8" ind2=" " tag="505">
      <subfield code="a">6. fol. 77b-94a: Risālah fī al-ishtirāk / al-Sayyid Mahdī ibn ʻAlī.</subfield>
   </datafield>
   <datafield ind1="8" ind2=" " tag="505">
      <subfield code="a">7. fol. 95a-169a: Tadhkirah / Muḥammad Jaʻfar Jāblāqī (fl. 1811).</subfield>
   </datafield>
   <datafield ind1="8" ind2=" " tag="505">
      <subfield code="a">8. fol. 169b-170b: [Blank].</subfield>
   </datafield>
   <datafield ind1="8" ind2=" " tag="505">
      <subfield code="a">9. fol. 171a-176b: [Taʻlīq ʻalá mabḥath al-zawāl min Sharḥ al-Lumʻah al-Dimashqīyah] / Aḥmad ibn Ibrāhīm al-Baḥrānī [Ibn ʻUṣfūr] (d. 1718 or 19).</subfield>
   </datafield>
   <datafield ind1="8" ind2=" " tag="505">
      <subfield code="a">10. fol. 176b-181a: Rasāʼil fī al-mawāzin / Aḥmad ibn Ibrāhīm al-Baḥrānī [Ibn ʻUṣfūr] (d. 1718 or 19).</subfield>
   </datafield>
   <datafield ind1="8" ind2=" " tag="505">
      <subfield code="a">11. fol. 181a-182b: [Risālah fī masʼalat wujūb al-mahr ʻinda mawt al-zawj aw al-zawjah qabl al-dukhūl] / Aḥmad ibn Ibrāhīm al-Baḥrānī [Ibn ʻUṣfūr] (d. 1718 or 19).</subfield>
   </datafield>
   <datafield ind1="8" ind2=" " tag="505">
      <subfield code="a">12. fol. 182b-183b: [Risālah fī masʼalat al-mahr] / Aḥmad ibn Ibrāhīm al-Baḥrānī [Ibn ʻUṣfūr] (d. 1718 or 19).</subfield>
   </datafield>
   <datafield ind1="8" ind2=" " tag="505">
      <subfield code="a">13. fol. 183b-188b: [Risālah fī al-daʻwā ʻalá al-mayyit] / Aḥmad ibn Ibrāhīm al-Baḥrānī [Ibn ʻUṣfūr] (d. 1718 or 19).</subfield>
   </datafield>
   <datafield ind1="8" ind2=" " tag="505">
      <subfield code="a">14. fol. 188b-189a: [Kitāb al-Saʻādāt. Selections] / Jaʻfar al-Ṣādiq (d. 765 or 6).</subfield>
   </datafield>
   <datafield ind1="8" ind2=" " tag="505">
      <subfield code="a">15. fol. 189a-191a: Risālah fī ṣiḥḥat al-ṣulḥ ʻalá al-majhūl / Aḥmad ibn Ibrāhīm al-Baḥrānī [Ibn ʻUṣfūr] (d. 1718 or 19).</subfield>
   </datafield>
   <datafield ind1="8" ind2=" " tag="505">
      <subfield code="a">16. fol. 191b-195b: Risālah fī ghusālat al-najāsah / Aḥmad ibn Ibrāhīm al-Baḥrānī [Ibn ʻUṣfūr] (d. 1718 or 19).</subfield>
   </datafield>
   <datafield ind1="8" ind2=" " tag="505">
      <subfield code="a">17. fol. 195b-204a: Risālah fī anna al-insān baʻd al-mawt ḥayy ḥaqīqatan / Aḥmad ibn Ibrāhīm al-Baḥrānī [Ibn ʻUṣfūr] (d. 1718 or 19).</subfield>
   </datafield>
   <datafield ind1="8" ind2=" " tag="505">
      <subfield code="a">18. fol. 204a-209a: Masʼalat tajwīz al-ʻudūl min kull sūrah ʻalá al-jaḥd / Aḥmad ibn Ibrāhīm al-Baḥrānī [Ibn ʻUṣfūr] (d. 1718 or 19).</subfield>
   </datafield>
   <datafield ind1="8" ind2=" " tag="505">
      <subfield code="a">19. fol. 209a-221b: [Risālah fī ajwibat thalāth masāʼil Nāṣir ibn Muḥammad al-Jārūdī] / Aḥmad ibn Ibrāhīm al-Baḥrānī [Ibn ʻUṣfūr] (d. 1718 or 19).</subfield>
   </datafield>
   <datafield ind1="8" ind2=" " tag="505">
      <subfield code="a">20. fol. 221b-231a: Masāʼil tataʻallaqu bi-al-ʻiṭārah bal bi-muṭlaq al-tijārah [al-Risālah al-ʻAṭṭārīyah] / Aḥmad ibn Ibrāhīm al-Baḥrānī [Ibn ʻUṣfūr] (d. 1718 or 19).</subfield>
   </datafield>
   <datafield ind1="8" ind2=" " tag="505">
      <subfield code="a">21. fol. 231a-237b: Hal al-ṭalqah wa-al-ṭalqatayn tabqá bi-al-taḥlīl aw tanhadam / Aḥmad ibn Ibrāhīm al-Baḥrānī [Ibn ʻUṣfūr] (d. 1718 or 19).</subfield>
   </datafield>
   <datafield ind1="8" ind2=" " tag="505">
      <subfield code="a">22. fol. 237b-239b: [Ajwibat masāʼil Yaḥyá ibn Ḥusayn al-Ahsāʼī] / Aḥmad ibn Ibrāhīm al-Baḥrānī [Ibn ʻUṣfūr] (d. 1718 or 19).</subfield>
   </datafield>
   <datafield ind1="8" ind2=" " tag="505">
      <subfield code="a">23. fol. 239b-244b: [Risālah fī al-najāsah] / Aḥmad ibn Ibrāhīm al-Baḥrānī [Ibn ʻUṣfūr] (d. 1718 or 19).</subfield>
   </datafield>
   <datafield ind1="8" ind2=" " tag="505">
      <subfield code="a">24. fol. 245a-248a: [Ajwibat masāʼil ʻAbd al-Imām al-Aḥsāʼī] / Aḥmad ibn Ibrāhīm al-Baḥrānī [Ibn ʻUṣfūr] (d. 1718 or 19).</subfield>
   </datafield>
   <datafield ind1="8" ind2=" " tag="505">
      <subfield code="a">25. fol. 249a-292b: al-Durrah / Muḥammad Mahdī Ṭabāṭabāʼī, Baḥr al-ʻUlūm (d. 1797 or 8).</subfield>
   </datafield>
   <datafield ind1="4" ind2=" " tag="510">
      <subfield code="a">Mach, R. Yahuda,</subfield>
      <subfield code="c">966, 967, 968, 969, 970, 1570, 1575, 1576, 1577, 1578, 1579, 1580, 1581, 1582, 1583, 1584, 1585, 1587, 1710, 2575, 4846,</subfield>
   </datafield>
   <datafield ind1=" " ind2=" " tag="541">
      <subfield code="c">Gift ;</subfield>
      <subfield code="a">Robert Garrett, Class of 1897 ;</subfield>
      <subfield code="d">1942.</subfield>
   </datafield>
   <datafield ind1=" " ind2="0" tag="650">
      <subfield code="a">Islamic law</subfield>
      <subfield code="v">Early works to 1800.</subfield>
   </datafield>
   <datafield ind1=" " ind2="0" tag="650">
      <subfield code="a">Shīʻah</subfield>
      <subfield code="v">Early works to 1800.</subfield>
   </datafield>
   <datafield ind1=" " ind2="0" tag="650">
      <subfield code="a">Manuscripts, Arabic</subfield>
      <subfield code="z">New Jersey</subfield>
      <subfield code="z">Princeton.</subfield>
   </datafield>
   <datafield ind1=" " ind2="7" tag="655">
      <subfield code="a">Manuscripts, Arabic</subfield>
      <subfield code="z">Iraq</subfield>
      <subfield code="z">Karbalāʼ</subfield>
      <subfield code="y">19th century.</subfield>
      <subfield code="2">lcsh</subfield>
   </datafield>
   <datafield ind1=" " ind2="7" tag="655">
      <subfield code="a">Manuscripts, Arabic</subfield>
      <subfield code="y">19th century.</subfield>
      <subfield code="2">lcsh</subfield>
   </datafield>
   <datafield ind1="0" ind2=" " tag="774">
      <subfield code="w">4824438</subfield>
   </datafield>
   <datafield ind1="0" ind2=" " tag="774">
      <subfield code="w">4824454</subfield>
   </datafield>
   <datafield ind1="0" ind2=" " tag="774">
      <subfield code="w">4824450</subfield>
   </datafield>
   <datafield ind1="0" ind2=" " tag="774">
      <subfield code="w">4824448</subfield>
   </datafield>
   <datafield ind1="0" ind2=" " tag="774">
      <subfield code="w">4824446</subfield>
   </datafield>
   <datafield ind1="0" ind2=" " tag="774">
      <subfield code="w">4824445</subfield>
   </datafield>
   <datafield ind1="0" ind2=" " tag="774">
      <subfield code="w">4824444</subfield>
   </datafield>
   <datafield ind1="0" ind2=" " tag="774">
      <subfield code="w">4824439</subfield>
   </datafield>
   <datafield ind1="0" ind2=" " tag="774">
      <subfield code="w">4824436</subfield>
   </datafield>
   <datafield ind1="0" ind2=" " tag="774">
      <subfield code="w">4824431</subfield>
   </datafield>
   <datafield ind1="0" ind2=" " tag="774">
      <subfield code="w">4824465</subfield>
   </datafield>
   <datafield ind1="0" ind2=" " tag="774">
      <subfield code="w">4824442</subfield>
   </datafield>
   <datafield ind1="0" ind2=" " tag="774">
      <subfield code="w">4824476</subfield>
   </datafield>
   <datafield ind1="0" ind2=" " tag="774">
      <subfield code="w">4824461</subfield>
   </datafield>
   <datafield ind1="0" ind2=" " tag="774">
      <subfield code="w">4824463</subfield>
   </datafield>
   <datafield ind1="0" ind2=" " tag="774">
      <subfield code="w">4824479</subfield>
   </datafield>
   <datafield ind1="0" ind2=" " tag="774">
      <subfield code="w">4824474</subfield>
   </datafield>
   <datafield ind1="0" ind2=" " tag="774">
      <subfield code="w">4824473</subfield>
   </datafield>
   <datafield ind1="0" ind2=" " tag="774">
      <subfield code="w">4824472</subfield>
   </datafield>
   <datafield ind1="0" ind2=" " tag="774">
      <subfield code="w">4824470</subfield>
   </datafield>
   <datafield ind1="0" ind2=" " tag="774">
      <subfield code="w">4824468</subfield>
   </datafield>
   <datafield ind1="0" ind2=" " tag="774">
      <subfield code="w">4824467</subfield>
   </datafield>
   <datafield ind1="4" ind2="1" tag="856">
      <subfield code="u">http://arks.princeton.edu/ark:/88435/w6634368n</subfield>
   </datafield>
</record>