<record xmlns="http://www.loc.gov/MARC21/slim" xmlns:xsi="http://www.w3.org/2001/XMLSchema-instance">
   <leader>03872ctm a2200469Ia 4500</leader>
   <controlfield tag="001">5383840</controlfield>
   <controlfield tag="005">20120523085418.0</controlfield>
   <controlfield tag="008">080215s1743    xx a          000 0 ara d</controlfield>
   <datafield ind1=" " ind2=" " tag="035">
      <subfield code="a">(OCoLC)ocn192049471</subfield>
   </datafield>
   <datafield ind1=" " ind2=" " tag="040">
      <subfield code="a">PUL</subfield>
      <subfield code="c">PUL</subfield>
      <subfield code="e">amremm</subfield>
   </datafield>
   <datafield ind1=" " ind2=" " tag="066">
      <subfield code="c">(3</subfield>
      <subfield code="c">(4</subfield>
   </datafield>
   <datafield ind1=" " ind2=" " tag="035">
      <subfield code="a">(OCoLC)192049471</subfield>
   </datafield>
   <datafield ind1=" " ind2=" " tag="043">
      <subfield code="a">n-us-nj</subfield>
   </datafield>
   <datafield ind1=" " ind2=" " tag="049">
      <subfield code="a">PULL</subfield>
   </datafield>
   <datafield ind1="1" ind2=" " tag="100">
      <subfield code="a">Bukhārī, ʻAlī Shāh ibn Muḥammad,</subfield>
      <subfield code="d">13th cent.</subfield>
   </datafield>
   <datafield ind1="1" ind2="0" tag="245">
      <subfield code="6">880-01</subfield>
      <subfield code="a">Kitāb Aḥkām al-aʻwām.</subfield>
   </datafield>
   <datafield ind1="1" ind2=" " tag="246">
      <subfield code="i">Title by later hand on fol. (i)a:</subfield>
      <subfield code="a">Kitāb Aḥkām al-aʻwām taʾlīf ʻAlīshāh ibn Muḥammad ibn Qāsim al-Khwārizmī al-maʻrūf bi-ʻAlāʾ al-Munajjim al-Bukhārī</subfield>
   </datafield>
   <datafield ind1="1" ind2=" " tag="246">
      <subfield code="i">Title in Persian:</subfield>
      <subfield code="a">Aḥkām-i aʻvām</subfield>
   </datafield>
   <datafield ind1=" " ind2=" " tag="260">
      <subfield code="c">[1743]</subfield>
   </datafield>
   <datafield ind1=" " ind2=" " tag="300">
      <subfield code="a">iii, 133, iii leaves:</subfield>
      <subfield code="b">paper, ill. ;</subfield>
      <subfield code="c">210 x 150 (166 x 108) mm. bound to 210 x 155 mm.</subfield>
   </datafield>
   <datafield ind1=" " ind2=" " tag="500">
      <subfield code="a">Ms. codex.</subfield>
   </datafield>
   <datafield ind1=" " ind2=" " tag="500">
      <subfield code="a">Title from tail of text block. The same title appears in the preamble of the text as "Aḥkām al-aʻwām" (fol. 2a, l. 18).</subfield>
   </datafield>
   <datafield ind1="8" ind2=" " tag="520">
      <subfield code="a">Treatise on astrology, composed probably in, or not long after 690/1291 (Storey and beginning of text, fol. 1b), comprising two parts (maqālah): Dar kayfīyat-i aʻmāl-i tasyīrāt (4 bāb) and Dar aḥkām-i ṭāliʻ-i taḥvīl (8 bāb), with tables. See description of contents in the preamble of the text (fol. 2a-3b). For a more detailed description of contents and a longer incipit, see David King, Fihris.</subfield>
   </datafield>
   <datafield ind1=" " ind2=" " tag="500">
      <subfield code="a">Physical description: 21 lines per page. Written in black ink with use of red. The text is framed within a single red line. European paper with watermark; frame-ruled. Note mentioning the number of pages in the volume on the margin of the colophon (fol. 133b).</subfield>
   </datafield>
   <datafield ind1=" " ind2=" " tag="500">
      <subfield code="a">Collation: Paper, fol. iii, 133, iii; iii (fly-leaves, with inscription on the first recto) 1-13¹⁰ 14² (+1 at beginning of quire) iii (fly-leaves); the last word of the verso is repeated on the next recto.</subfield>
   </datafield>
   <datafield ind1=" " ind2=" " tag="500">
      <subfield code="a">Inscription in Arabic script on a label pasted on the pastedown of the upper cover: "Raqm 17".</subfield>
   </datafield>
   <datafield ind1=" " ind2=" " tag="500">
      <subfield code="a">Origin: According to colophon, copy completed on Wednesday 27 Ramaḍān 1156 [Nov. 14, 1743] by Ibn al-Ḥājj Ḥusayn Ṣabīḥ al-shahīr bi-al-Qusṭanṭinīyah.</subfield>
   </datafield>
   <datafield ind1=" " ind2=" " tag="561">
      <subfield code="a">Impression of a stamp with inscription reading: "al-Sayyid Aḥmad Muḥsin" on fol. 1a. Acquired from Abraham Shalom Yahuda, 1942.</subfield>
   </datafield>
   <datafield ind1=" " ind2=" " tag="563">
      <subfield code="a">Quarter bound with flap in marbled paper and brown leather. Paper pastedowns.</subfield>
   </datafield>
   <datafield ind1="4" ind2=" " tag="510">
      <subfield code="a">Kâtip Çelebi. Kashf al-ẓunūn. Ed. Fluegel,</subfield>
      <subfield code="c">I, 170</subfield>
   </datafield>
   <datafield ind1="4" ind2=" " tag="510">
      <subfield code="a">Storey, Ch. A. Persian literature, 1927-,</subfield>
      <subfield code="c">vol. II, p. 61, no. 94</subfield>
   </datafield>
   <datafield ind1="4" ind2=" " tag="510">
      <subfield code="a">King, D. Fihris (1981-1986),</subfield>
      <subfield code="c">vol. 2, p. 1097 (5/3/10-2)</subfield>
   </datafield>
   <datafield ind1="4" ind2=" " tag="510">
      <subfield code="a">King, D. Survey (1986),</subfield>
      <subfield code="c">G32</subfield>
   </datafield>
   <datafield ind1=" " ind2=" " tag="541">
      <subfield code="c">Gift ;</subfield>
      <subfield code="a">Robert Garrett, Class of 1897 ;</subfield>
      <subfield code="d">1942.</subfield>
   </datafield>
   <datafield ind1=" " ind2="0" tag="650">
      <subfield code="a">Astronomy, Arab</subfield>
      <subfield code="z">Iran</subfield>
      <subfield code="x">History</subfield>
      <subfield code="y">13th century</subfield>
      <subfield code="v">Sources.</subfield>
   </datafield>
   <datafield ind1=" " ind2="0" tag="650">
      <subfield code="a">Astrology, Arab</subfield>
      <subfield code="z">Iran</subfield>
      <subfield code="x">History</subfield>
      <subfield code="y">13th century</subfield>
      <subfield code="v">Sources.</subfield>
   </datafield>
   <datafield ind1=" " ind2="0" tag="650">
      <subfield code="a">Manuscripts, Persian</subfield>
      <subfield code="z">New Jersey</subfield>
      <subfield code="z">Princeton.</subfield>
   </datafield>
   <datafield ind1=" " ind2="7" tag="655">
      <subfield code="a">Manuscripts, Persian</subfield>
      <subfield code="y">18th century.</subfield>
      <subfield code="2">lcsh</subfield>
   </datafield>
   <datafield ind1="1" ind2="0" tag="880">
      <subfield code="6">245-01/(3/r</subfield>
      <subfield code="a">كتاب احكام الاعوام</subfield>
   </datafield>
   <datafield ind1=" " ind2=" " tag="880">
      <subfield code="6">500-00/(3/r</subfield>
      <subfield code="a">Incipit: بسم ... الحمد لله العليم الحكيم والصلوة على نبينا محمد المصطفى الحليم العظيم وعلى اله واصحابه وسلم تسليما كثيرا عظيما مولف اين كلام ومصنف اين احكام العبد الفقير عليشاء بن محمد بن قاسم الخوارزمى المعروف بعلاء المنجم البخارى خرسه الله عن النوائيب چنين مى نمايد كه از شهر همدان در اواسط شهر مبارك رمضان سنه 688 باميد زيارت كعبه اسلام</subfield>
   </datafield>
   <datafield ind1="4" ind2="1" tag="856">
      <subfield code="u">http://arks.princeton.edu/ark:/88435/rf55z7767</subfield>
   </datafield>
</record>