<record xmlns="http://www.loc.gov/MARC21/slim" xmlns:xsi="http://www.w3.org/2001/XMLSchema-instance">
   <leader>05156ctm a2200589Ia 4500</leader>
   <controlfield tag="001">4822276</controlfield>
   <controlfield tag="005">20120523082755.0</controlfield>
   <controlfield tag="008">060815s1799    xx            000 0 ara d</controlfield>
   <datafield ind1=" " ind2=" " tag="035">
      <subfield code="a">(OCoLC)ocm70901752</subfield>
   </datafield>
   <datafield ind1=" " ind2=" " tag="040">
      <subfield code="a">PUL</subfield>
      <subfield code="c">PUL</subfield>
      <subfield code="e">amremm</subfield>
   </datafield>
   <datafield ind1=" " ind2=" " tag="043">
      <subfield code="a">n-us-nj</subfield>
   </datafield>
   <datafield ind1=" " ind2=" " tag="049">
      <subfield code="a">PULL</subfield>
   </datafield>
   <datafield ind1="1" ind2=" " tag="100">
      <subfield code="6">880-01</subfield>
      <subfield code="a">Minqār, Ṭālib ibn ʻAbd al-Qādir.</subfield>
   </datafield>
   <datafield ind1="1" ind2="0" tag="245">
      <subfield code="6">880-02</subfield>
      <subfield code="a">Kitāb al-Farāʼid fī maḥāsin al-fawāʼid /</subfield>
      <subfield code="c">taʼlīf al-shaykh Ṭālib ibn al-sayyid ʻAbd al-Qādir al-Minqār.</subfield>
   </datafield>
   <datafield ind1=" " ind2=" " tag="260">
      <subfield code="c">[1799]</subfield>
   </datafield>
   <datafield ind1=" " ind2=" " tag="300">
      <subfield code="a">77 leaves : paper ; 208 x 150 (175 x 110 and 185 x 115) mm. bound to 208 x 160 mm.</subfield>
   </datafield>
   <datafield ind1=" " ind2=" " tag="500">
      <subfield code="a">Ms. codex.</subfield>
   </datafield>
   <datafield ind1=" " ind2=" " tag="500">
      <subfield code="a">Title from title page (fol. 1a).</subfield>
   </datafield>
   <datafield ind1="8" ind2=" " tag="520">
      <subfield code="a">A treatise in one hundred chapters (fāʼidah) on the magical properties of verses of the Qurʼān, sayings of the Prophet, and other texts, with instructions on how to write talismans and amulets. The volume contains also a biographical essay on the wives of the Prophet, entitled Faṣl fī dhikr azwāj al-nabī, a section on mustache trimming, and several other short texts.</subfield>
   </datafield>
   <datafield ind1=" " ind2=" " tag="500">
      <subfield code="a">The title on the title page is from a later hand. There is no mention of a title in the text itself. The name of the author appears at the beginning of the text (fol. 1b).</subfield>
   </datafield>
   <datafield ind1=" " ind2=" " tag="500">
      <subfield code="a">On the title page (fol. 1a), there is a table of contents mentioning titles of works which are said to be included in the ms, though most of these works are not.</subfield>
   </datafield>
   <datafield ind1=" " ind2=" " tag="500">
      <subfield code="a">Number of lines per page varies (from 20 to 33). Written in black ink in a casual small to medium small naskh. Fol. 1 and 2a are modern replacements. Magical squares and talismans (see fol. 47b-49a). Marginal notes. On fol. 1a : several ownership statements ; seal of Muḥammad Saʻīd al-Minqār. Foliation using Arabic numerals on fol. 1-56. Modern foliation in pencil using Western numerals. The number "452" (corresponding to Brill's catalog) is written on the left upper corner of the upper cover.</subfield>
   </datafield>
   <datafield ind1=" " ind2=" " tag="500">
      <subfield code="a">Copied on 1 Muḥarram 1214 ("fī ghurrat Muḥarram sanah 1214" [June 1799], colophon text 1, fol. 56a).</subfield>
   </datafield>
   <datafield ind1="0" ind2=" " tag="505">
      <subfield code="a">1. fol. 1a-56a : Kitāb al-Farāʼid fī maḥāsin al-fawāʼid / Ṭālib ibn ʻAbd al-Qādir al-Minqār.</subfield>
   </datafield>
   <datafield ind1="8" ind2="0" tag="505">
      <subfield code="g">2. fol. 57a-62a :</subfield>
      <subfield code="t">Dhikr azwāj al-nabī (Faṣl fī).</subfield>
   </datafield>
   <datafield ind1="8" ind2=" " tag="505">
      <subfield code="a">3. fol. 62b-66b : [Questions and answers on theological issues, starting with : "mā qawlukum raḍiya Allāhu ʻankum fī Iram dhāt al-ʻimād" (Qurʼān 89:6)].</subfield>
   </datafield>
   <datafield ind1="8" ind2="0" tag="505">
      <subfield code="g">4. fol. 67a-75a :</subfield>
      <subfield code="t">Qaṣṣ al-shārib (Faṣl fī).</subfield>
   </datafield>
   <datafield ind1="8" ind2=" " tag="505">
      <subfield code="a">5. fol. 75a-76a : Fāʼidah [on talismans?].</subfield>
   </datafield>
   <datafield ind1="8" ind2=" " tag="505">
      <subfield code="a">6. fol. 76b : Hādhihi ṣifat al-ism alladhī kāna maktūb ʻalá khātim Sulaymān.</subfield>
   </datafield>
   <datafield ind1="8" ind2=" " tag="505">
      <subfield code="a">7. fol. 77a-b : [Inscriptions].</subfield>
   </datafield>
   <datafield ind1=" " ind2=" " tag="561">
      <subfield code="a">Acquired from Brill, Leyden, 1900, from the books of Amīn ibn Ḥasan al-Hulwānī al-Madanī al-Ḥanafī (Medina).</subfield>
   </datafield>
   <datafield ind1=" " ind2=" " tag="563">
      <subfield code="a">Upper and lower covers made of black and red marbled paper over paper pasteboards (similar to Princeton University Library, Garrett no. 447H).</subfield>
   </datafield>
   <datafield ind1="4" ind2=" " tag="510">
      <subfield code="a">Hitti, P. Garrett coll.,</subfield>
      <subfield code="c">946</subfield>
   </datafield>
   <datafield ind1="4" ind2=" " tag="510">
      <subfield code="a">Brockelmann, C. GAL,</subfield>
      <subfield code="c">SII, 914</subfield>
   </datafield>
   <datafield ind1=" " ind2=" " tag="541">
      <subfield code="c">Gift ;</subfield>
      <subfield code="a">Robert Garrett, Class of 1897 ;</subfield>
      <subfield code="d">1942.</subfield>
   </datafield>
   <datafield ind1="0" ind2="0" tag="600">
      <subfield code="a">Muḥammad,</subfield>
      <subfield code="c">Prophet,</subfield>
      <subfield code="d">d. 632</subfield>
      <subfield code="x">Family</subfield>
      <subfield code="v">Early works to 1800.</subfield>
   </datafield>
   <datafield ind1="0" ind2="0" tag="630">
      <subfield code="a">Koran</subfield>
      <subfield code="x">Use</subfield>
      <subfield code="v">Early works to 1800.</subfield>
   </datafield>
   <datafield ind1=" " ind2="0" tag="650">
      <subfield code="a">Islamic magic</subfield>
      <subfield code="v">Early works to 1800.</subfield>
   </datafield>
   <datafield ind1=" " ind2="0" tag="650">
      <subfield code="a">Talismans</subfield>
      <subfield code="x">Religious aspects</subfield>
      <subfield code="x">Islam</subfield>
      <subfield code="v">Early works to 1800.</subfield>
   </datafield>
   <datafield ind1=" " ind2="0" tag="650">
      <subfield code="a">Mustaches</subfield>
      <subfield code="x">Religious aspects</subfield>
      <subfield code="x">Islam</subfield>
      <subfield code="v">Early works to 1800.</subfield>
   </datafield>
   <datafield ind1=" " ind2="0" tag="650">
      <subfield code="a">Beards</subfield>
      <subfield code="x">Religious aspects</subfield>
      <subfield code="x">Islam</subfield>
      <subfield code="v">Early works to 1800.</subfield>
   </datafield>
   <datafield ind1=" " ind2="0" tag="650">
      <subfield code="a">Islam</subfield>
      <subfield code="x">Customs and practices</subfield>
      <subfield code="x">Early works to 1800.</subfield>
   </datafield>
   <datafield ind1=" " ind2="0" tag="650">
      <subfield code="a">Manuscripts, Arabic</subfield>
      <subfield code="z">New Jersey</subfield>
      <subfield code="z">Princeton.</subfield>
   </datafield>
   <datafield ind1=" " ind2="7" tag="655">
      <subfield code="a">Manuscripts, Arabic</subfield>
      <subfield code="y">18th century.</subfield>
      <subfield code="2">lcsh</subfield>
   </datafield>
   <datafield ind1="1" ind2=" " tag="880">
      <subfield code="6">100-01/r</subfield>
      <subfield code="a">منقار، طالب بن عبد القادر</subfield>
   </datafield>
   <datafield ind1="1" ind2="2" tag="880">
      <subfield code="6">245-02/r</subfield>
      <subfield code="a">كتاب الفرائد في محاسن الفوائد /</subfield>
      <subfield code="c">تأليف الشيخ طالب بن السيد عبد القادر المنقار</subfield>
   </datafield>
   <datafield ind1=" " ind2=" " tag="880">
      <subfield code="6">500-00/r</subfield>
      <subfield code="a">Incipit text 1: الحمد لله الواحد القهار خالق الليل والنهار ... اما بعد فيقول الفقير طالب ... هذه فوايد جمعتها لامثالي الصغار وسميتها الفرايد [2ب] الفايدة الاولى في فضل البسملة</subfield>
   </datafield>
   <datafield ind1=" " ind2=" " tag="880">
      <subfield code="6">500-00/r</subfield>
      <subfield code="a">Explicit text 1: يا ارحم الراحمين ولا حول ولا قوة الا بالله العالى العظيم وصلى الله على سيدنا محمد واله وصحبته وسلم والحمد لله رب العالمين ورضي الله تعالى عن كل الصحابة اجمعين</subfield>
   </datafield>
   <datafield ind1=" " ind2=" " tag="880">
      <subfield code="6">500-00/r</subfield>
      <subfield code="a">Incipit text 2: فصل في ذكر ازواج النبي صلي ... فقد اختلف العلماء في ترتيبهن واعدادهن وعدة من مات قبله</subfield>
   </datafield>
   <datafield ind1=" " ind2=" " tag="880">
      <subfield code="6">500-00/r</subfield>
      <subfield code="a">Explicit text 2: وهي ان تدفعها للوالدين وقسم بماية الف وهي ان تدفعها لطالب العلم انتهى</subfield>
   </datafield>
   <datafield ind1="4" ind2="1" tag="856">
      <subfield code="u">http://arks.princeton.edu/ark:/88435/mp48sc83p</subfield>
   </datafield>
</record></marcxml:collection>